2119 3461
661 246 122 37 THE
820 248 71 34 LA
905 249 44 34 W
986 249 236 35 SCHOOL

1745 248 41 35 17

678 372 170 36 ORDER
873 372 60 36 OF
957 372 101 34 THE
1084 372 112 35 COIF

146 452 78 35 The
241 451 111 36 Order
368 452 36 34 of
422 451 60 36 the
500 452 80 36 Coif
596 452 29 34 is
641 463 21 23 a
679 450 378 36 natioriallaw-school
1074 450 112 35 honor
1202 451 144 43 society,
1364 450 156 36 founded
1539 456 37 29 to
1593 461 194 33 encourage

86 509 218 44 scholarship
316 509 72 35 and
402 514 37 30 to
451 510 159 34 advance
621 509 60 34 the
691 508 130 35 ethical
833 508 191 35 standards
1035 500 36 42 of
1084 507 60 35 the
1154 507 88 44 legal
1252 507 205 44 profession.
1479 509 53 32 Its
1543 507 173 34 members
1727 518 60 23 are

87 566 150 34 selected
249 565 128 44 during
391 565 60 34 the
465 565 126 44 Spring
604 566 151 42 Quarter
767 565 86 34 each
866 576 84 31 year
962 564 92 35 from
1069 563 60 35 the
1145 564 40 34 10
1196 575 63 32 per
1271 570 82 29 cent
1364 563 38 35 of
1416 563 60 36 the
1490 563 195 46 third-year
1697 563 90 35 class

87 623 77 34 who
181 622 89 34 rank
286 621 140 44 highest
441 621 37 35 in
494 620 229 45 scholarship.

772 716 107 35 LAW
904 714 195 36 REVIEW

144 796 78 34 The
240 795 208 42 University
465 796 37 33 of
521 796 155 42 Chicago
700 796 83 33 Law
801 796 130 34 Review
949 806 70 23 was
1036 794 157 35 founded
1210 794 37 34 in
1268 795 97 34 1933.
1400 796 36 34 It
1453 795 29 35 is
1499 794 188 44 published
1705 806 40 24 as
1763 805 21 23 a

85 840 193 56 quarterly:
303 852 78 34 The
397 851 241 44 organization
656 851 71 35 and
746 856 249 39 management
1012 852 36 33 of
1067 851 61 35 the
1148 851 130 35 Review
1296 852 29 34 is
1344 852 122 34 vested
1486 852 35 34 in
1541 851 61 35 the
1620 852 165 34 students

84 908 37 35 of
135 907 62 35 the
210 908 85 33 Law
311 907 125 35 School
450 908 85 34 with
550 908 192 35 assistance
755 908 92 34 from
863 908 59 34 the
938 907 159 42 Faculty.
1124 908 268 43 Opportunities
1405 919 59 23 are
1478 908 159 35 afforded
1651 907 46 35 all
1712 913 74 30 stu­

85 964 104 35 dents
206 969 37 29 to
261 968 58 39 try
334 965 55 33 for
403 976 22 22 a
441 964 155 44 position
612 975 46 23 on
677 963 60 35 the
753 963 162 36 editorial
932 964 111 34 board
1060 964 36 33 of
1113 964 61 35 the
1193 965 138 34 Reoieio.

538 1064 108 35 LAW
669 1064 189 36 SCHOOL
882 1065 98 33 BAR
1004 1065 324 35 ASSOCIATION

144 1142 77 36 The
235 1143 206 43 University
455 1143 37 35 of
507 1144 154 43 Chicago
675 1144 84 34 Law
774 1143 126 36 School
913 1144 71 34 Bar
998 1144 222 35 Association
1234 1144 30 35 is
1278 1156 45 23 an
1338 1143 171 36 affiliated
1524 1144 134 35 branch
1672 1144 37 35 of
1724 1143 60 36 the

86 1200 132 35 Illinois
235 1201 102 34 State
354 1202 71 33 Bar
442 1201 231 34 Association.
698 1201 77 34 The
791 1200 237 44 membership
1047 1201 35 34 in
1101 1201 60 35 the
1179 1201 212 35 association
1409 1202 29 33 is
1454 1212 92 32 open
1567 1206 36 29 to
1621 1212 71 32 any
1709 1206 75 29 stu­

85 1256 85 35 dent
182 1257 36 35 in
232 1257 61 34 the
305 1258 83 33 Law
402 1256 136 43 School,
552 1257 71 35 and
638 1257 60 34 the
710 1258 134 34 officers
856 1268 59 23 are
927 1257 129 35 chosen
1068 1257 92 35 from
1174 1258 60 35 the
1248 1258 147 34 student
1408 1258 107 42 body.
1542 1258 78 34 The
1631 1268 153 33 purpose

84 1313 36 35 of
135 1312 62 36 the
211 1313 212 34 association
439 1313 30 34 is
485 1318 37 29 to
537 1314 148 34 interest
700 1313 95 35 itself
809 1315 36 33 in
862 1319 141 29 current
1019 1312 90 45 legal
1123 1313 178 44 problems
1316 1314 71 34 and
1405 1319 37 29 to
1458 1314 148 43 provide
1621 1318 163 30 contacts

84 1368 158 36 between
259 1368 61 35 the
336 1369 147 35 student
498 1369 96 44 body
610 1370 72 34 and
692 1370 68 34 the
776 1370 64 34 bar
855 1370 70 35 and
945 1370 60 34 the
1021 1370 125 34 bench.

848 1471 169 40 PRIZES

141 1550 78 34 The
234 1549 80 44 Wig
330 1550 71 34 and
419 1551 110 41 Robe,
548 1562 67 23 one
631 1550 36 35 of
685 1550 60 35 the
760 1551 86 34 Law
863 1550 126 35 School
1006 1550 171 41 societies,
1194 1551 105 34 offers
1315 1561 46 23 an
1378 1549 131 35 annual
1525 1551 95 42 prize
1636 1550 37 35 of
1693 1549 90 39 $100

83 1611 37 31 to
134 1606 61 36 the
209 1606 148 36 student
369 1607 78 35 who
462 1607 106 35 ranks
582 1606 140 45 highest
734 1607 37 34 in
787 1607 60 35 the
861 1606 95 35 work
970 1606 37 35 of
1022 1606 60 35 the
1094 1607 76 34 first
1185 1611 69 30 two
1268 1618 103 32 years
1384 1607 36 35 of
1436 1606 60 36 the
1510 1606 135 35 School.
1672 1607 52 34 To
1739 1606 43 35 be

82 1663 135 45 eligible
235 1653 56 45 for
310 1664 72 35 this
398 1664 95 44 prize
512 1675 20 23 a
551 1665 147 35 student
716 1669 96 30 must
830 1664 92 35 have
940 1662 199 45 completed
1158 1669 40 30 at
1216 1663 89 36 least
1321 1647 68 52 five
1407 1665 71 34 and
1497 1669 64 30 not
1580 1674 95 24 more
1695 1664 87 34 than

82 1732 104 24 seven
200 1709 163 55 quarters
377 1721 37 34 of
428 1722 95 33 work
538 1721 36 35 in
590 1720 175 36 residence
779 1721 37 34 in
832 1721 61 35 the
906 1721 84 34 Law
1005 1719 126 36 School
1145 1720 72 35 and
1232 1726 96 30 must
1342 1721 91 34 have
1450 1721 106 34 taken
1571 1721 71 34 and
1655 1719 127 45 passed

82 1777 256 35 examinations
356 1777 37 34 in
412 1789 46 22 an
478 1788 149 32 average
647 1777 36 34 of
704 1777 99 35 three
822 1788 139 24 courses
980 1788 21 23 a
1021 1782 146 38 quarter
1186 1777 127 43 during
1334 1777 81 34 that
1436 1777 95 34 time.
1557 1778 31 33 A
1608 1777 175 34 student's

81 1844 148 33 average
245 1834 30 34 is
290 1833 192 44 computed
499 1845 96 32 upon
611 1833 47 34 all
675 1833 60 35 the
752 1834 106 41 work,
875 1839 65 29 not
956 1833 187 43 exceeding
1159 1833 52 34 six
1227 1838 172 39 quarters,
1417 1845 96 32 upon
1530 1833 113 34 which
1659 1833 44 34 he
1718 1833 65 34 has

82 1889 106 35 taken
205 1889 259 35 examinations
481 1889 100 35 while
598 1890 36 34 in
652 1889 60 35 the
730 1889 136 35 School.

139 1945 77 35 The
235 1946 155 43 Chicago
409 1946 159 43 Chapter
583 1946 37 34 of
637 1947 60 33 Nu
715 1947 91 33 Beta
823 1946 146 43 Epsilon
986 1945 84 35 Law
1088 1946 205 43 Fraternity
1309 1947 104 34 offers
1429 1957 20 23 a
1468 1942 217 48 scholarship
1701 1958 80 31 cup,

81 2002 195 44 possession
288 2002 37 34 of
338 2002 112 34 which
464 2002 151 35 remains
626 2003 37 33 in
677 2002 59 35 the
748 2003 85 34 Law
847 2002 136 42 School,
998 2007 36 29 to
1047 2002 44 34 be
1102 2002 165 35 awarded
1280 2003 86 34 each
1379 2003 130 43 spring,
1525 2003 160 43 together
1696 2003 86 34 with

81 2068 21 23 a
114 2057 101 36 small
229 2057 129 45 replica
372 2058 37 34 of
423 2058 60 34 the
496 2070 80 32 cup,
593 2064 36 29 to
644 2057 60 36 the
716 2059 177 42 first-year
905 2058 67 35 law
986 2058 147 35 student
1146 2058 78 34 who
1237 2059 66 35 has
1316 2058 105 35 made
1435 2058 61 35 the
1508 2058 141 44 highest
1662 2059 120 34 stand­

81 2114 59 43 ing
155 2114 127 43 during
301 2114 61 35 the
377 2119 83 39 past
475 2126 96 31 year.

2094 1812 24 23 ,'I

2096 2053 3 5 ,
2116 2052 3 18 i

2111 2073 8 36 i

505 2216 359 35 SCHOLARSHIPS
890 2217 104 33 AND
1020 2216 334 35 FELLOWSHIPS

141 2295 180 43 Raymond
334 2294 522 44 Scholarships.-Established
870 2296 36 33 in
924 2296 85 33 1930
1023 2295 50 42 by
1087 2296 89 34 Mrs.
1193 2296 104 33 Anna
1311 2295 40 34 L.
1368 2295 190 43 Raymond
1572 2296 36 33 in
1624 2306 157 31 memory

79 2351 36 34 of
133 2350 61 36 her
211 2351 167 35 husband
395 2353 120 41 James
533 2351 134 34 Nelson
687 2351 200 43 Raymond.
913 2352 114 34 There
1045 2362 59 23 are
1123 2352 98 34 three
1240 2351 248 44 scholarships,
1508 2352 88 34 each
1605 2352 36 34 of
1660 2352 88 38 $600
1760 2363 21 22 a

79 2418 92 31 year.
197 2407 115 35 These
322 2418 60 23 are
394 2407 162 34 awarded
571 2413 36 29 to
620 2407 113 43 needy
746 2407 164 36 students
922 2408 116 35 whose
1049 2408 96 34 work
1157 2408 30 34 is
1197 2408 37 33 of
1245 2419 21 23 a
1278 2408 185 34 character
1476 2414 36 28 to
1524 2409 79 42 give
1615 2408 166 34 evidence

79 2463 36 34 of
131 2464 84 43 high
232 2463 91 43 legal
340 2463 138 43 ability.

146 2520 194 43 University
361 2519 503 45 Scholarships.-University
887 2520 248 44 scholarships,
1160 2521 88 34 each
1270 2520 156 44 yielding
1449 2532 21 23 a
1493 2520 142 44 portion
1658 2521 37 34 of
1720 2520 60 35 the

80 2577 127 35 tuition
221 2578 74 34 fees
307 2577 56 34 for
376 2588 46 23 an
437 2578 180 34 academic
631 2589 95 31 year,
741 2589 60 23 are
815 2577 163 35 awarded
994 2576 169 44 annually
1180 2583 36 28 to
1231 2578 224 35 meritorious
1468 2578 85 34 Law
1568 2577 126 35 School
1708 2583 73 29 stu­

78 2633 102 35 dents
194 2634 151 42 needing
357 2633 166 35 financial
539 2633 201 35 assistance.
766 2634 205 34 Preference
987 2634 29 34 is
1030 2633 105 44 given
1152 2639 37 29 to
1206 2634 166 35 students
1385 2634 38 34 of
1438 2634 85 44 high
1538 2635 99 33 rank.
1662 2634 32 33 A
1710 2645 70 23 cer­

78 2689 242 36 tain.number
337 2690 38 34 of
394 2690 99 35 these
511 2690 207 44 University
736 2690 237 43 scholarships
991 2701 59 23 are
1069 2690 160 35 reserved
1248 2691 56 34 for
1321 2691 222 34 meritorious
1563 2690 164 35 students
1744 2690 37 34 of

77 2744 83 46 high
179 2747 89 34 rank
287 2746 161 43 entering
468 2747 61 34 the
548 2747 84 34 Law
653 2747 135 34 School.
816 2747 147 34 Certain
982 2746 149 35 services
1150 2758 59 23 are
1229 2747 162 43 required
1410 2747 37 34 in
1467 2752 121 30 return
1607 2747 55 34 for
1683 2746 97 35 these

76 2802 245 45 scholarships.
348 2803 225 45 Scholarship
585 2804 137 34 awards
733 2804 55 34 for
801 2803 59 34 the
873 2804 161 34 Summer
1045 2803 152 43 Quarter
1208 2803 71 35 and
1290 2804 56 34 for
1358 2803 60 35 the
1429 2803 178 44 following
1618 2803 162 35 academ­

78 2857 31 35 ic
124 2871 85 31 year
226 2871 59 23 are
304 2859 104 35 made
425 2870 47 23 on
491 2860 90 43 May
598 2860 164 35 fifteenth
780 2860 37 34 of
835 2860 86 34 each
939 2870 95 33 year.
1060 2860 246 43 Applications
1323 2860 127 35 should
1469 2859 44 36 be
1532 2861 105 34 made
1656 2861 36 34 in
1710 2860 68 35 due

80 2913 89 38 form
185 2927 98 33 upon
300 2927 47 23 an
364 2916 217 44 application
599 2916 108 34 blank
727 2917 112 35 which
857 2929 84 32 may
957 2917 44 35 be
1019 2917 144 35 secured
1180 2916 93 36 from
1292 2917 60 35 the
1369 2918 100 35 office
1487 2918 35 35 of
1542 2917 61 36 the
1621 2918 103 34 Dean
1741 2915 41 37 of

79 2970 59 36 the
152 2972 84 35 Law
253 2970 138 37 School.
