2143 3477
331 265 40 36 12

703 266 121 35 THE
864 267 379 35 UNIVERSITY
1284 267 69 36 OF
1393 267 274 36 CHICAGO

331 379 140 34 written
488 379 244 36 instruments.
759 379 150 42 Hinton,
936 379 102 35 Cases
1057 391 44 22 on
1125 380 164 34 Evidence
1310 378 61 43 (2d
1390 378 84 43 ed.).
1500 379 249 44 Prerequisite:
1780 380 245 34 Introduction

330 425 71 35 and
423 425 174 35 Common
619 426 84 33 Law
724 425 179 44 Pleading.
932 424 40 44 1i
995 426 71 41 Cs.,
1088 425 161 35 Autumn
1273 424 34 42 (3
1328 424 136 43 hours),
1486 425 138 35 Winter
1647 424 37 43 (4
1702 423 137 43 hours),
1862 424 161 35 HINTON.

332 469 40 43 H
391 471 71 41 Cs.,
480 470 172 42 Summer,
672 471 111 34 1934.1

393 532 77 29 361.
497 527 446 43 Practice.-Jurisdiction
960 527 38 34 in
1015 532 178 38 personam
1209 527 71 34 and
1297 527 38 34 in
1351 539 83 30 rem;
1451 527 130 35 service
1598 526 71 34 and
1686 525 120 36 return
1823 525 36 35 of
1874 536 151 33 process;

329 583 233 33 appearance;
576 572 166 42 defaults,
757 573 131 43 setting
902 572 106 42 aside,
1023 572 70 35 and
1106 573 228 42 proceedings
1348 577 36 29 to
1396 572 82 34 final
1490 573 201 43 judgment;
1705 571 239 44 qualification
1957 571 69 34 and

331 618 166 34 selection
509 618 36 33 of
556 619 96 41 jury;
663 618 162 34 function
837 618 36 34 of
887 617 59 35 the
957 624 102 28 court
1070 617 70 34 and
1152 617 95 42 jury;
1260 618 176 34 non-suits
1448 618 70 34 and
1531 618 157 34 directed
1700 616 167 42 verdicts;
1880 615 147 35 instruc足

331 663 93 34 tions
436 674 39 22 or
486 664 127 42 charge
627 669 37 28 to
678 663 60 34 the
749 662 95 44 jury;
858 662 166 43 verdicts;
1039 662 128 44 special
1180 663 298 42 interrogatories;
1493 662 97 35 trials
1602 662 153 34 without
1766 662 96 42 jury;
1875 661 151 35 motions

328 708 56 34 for
401 719 76 23 new
497 708 111 42 trials;
627 708 82 34 bills
726 708 36 33 of
781 709 214 42 exceptions;
1016 708 96 34 writs
1129 708 36 33 of
1184 718 102 23 error.
1313 707 149 41 Hinton,
1489 708 102 34 Cases
1609 719 44 22 on
1677 707 95 34 Trial
1795 707 152 33 Practice
1967 705 59 43 (2d

330 752 83 43 ed.).
440 754 247 42 Prerequisite:
715 752 248 35 Introduction
978 753 71 34 and
1066 754 172 34 Common
1253 753 85 33 Law
1353 752 179 45 Pleading.
1560 753 52 42 C.,
1629 752 138 44 Spring,
1782 752 164 34 HINTON.
1974 751 52 43 C.,

330 799 171 42 Summer,
521 799 112 34 1934.1

392 859 78 29 362.
497 857 95 31 Code
618 854 305 40 Pleading.-The
946 854 204 43 complaint,
1173 853 181 43 including
1376 864 183 32 necessary
1582 853 219 44 allegations,
1824 853 145 35 method
1991 854 36 33 of

330 904 204 37 statement,
560 900 71 33 and
656 910 128 31 prayer
807 899 55 34 for
887 899 108 41 relief,
1020 899 137 42 joinder
1180 899 36 33 of
1242 898 135 42 claims;
1403 909 161 31 answers,
1589 898 181 44 including
1794 898 139 43 general
1951 898 76 35 .and

330 944 137 43 specific
483 944 145 42 denials,
645 955 77 22 new
738 949 142 36 matter,
898 943 177 43 equitable
1091 944 169 41 defenses,
1278 949 147 29 counter
1439 943 133 42 claims,
1589 944 71 34 and
1677 944 109 34 union
1802 944 37 33 of
1855 944 171 43 defenses;

330 989 137 43 replies;
493 990 210 41 demurrers;
727 990 143 42 parties.
895 990 151 40 Hinton,
1077 989 102 34 Cases
1203 1000 43 22 on
1276 988 88 35 Code
1392 989 167 43 Pleading
1585 987 60 43 (3d
1670 988 84 43 ed.).
1780 988 247 45 Prerequisite:

332 1036 174 34 Common
521 1035 84 33 Law
623 1034 178 44 Pleading.
828 1034 20 42 i
868 1034 52 42 C.,
939 1034 136 43 Spring,
1092 1035 165 33 HINTON.

392 1095 77 30 363.
495 1093 126 38 Equity
634 1090 314 41 Pleading.-Bills
959 1090 35 34 in
1007 1090 134 43 equity,
1153 1090 180 43 including
1343 1090 142 43 parties,
1498 1089 140 45 general
1650 1090 195 42 requisites,
1858 1090 70 35 and
1940 1090 86 35 mul足

331 1136 253 41 tifariousness;
609 1135 198 35 disclaimer
830 1136 71 34 and
925 1135 149 42 default;
1099 1136 209 42 demurrers;
1332 1135 110 44 pleas;
1466 1146 166 31 answers;
1656 1135 239 43 replications;
1919 1147 107 24 cross足

330 1181 92 43 bills;
447 1182 256 34 amendments.
729 1181 151 41 Hinton,
911 1181 103 34 Cases
1038 1192 43 23 on
1110 1181 126 43 Equity
1264 1181 176 42 Pleading.
1467 1180 248 44 Prerequisite:
1753 1181 274 35 Common-Law

331 1227 178 42 Pleading.
537 1227 53 41 C.,
609 1227 171 41 Summer,
798 1228 213 32 EAGLETON.
1039 1226 77 42 iC.,
1133 1226 149 43 Winter,
1301 1227 212 34 EAGLETON.

392 1287 76 31 364.
497 1285 166 31 Criminal
677 1283 392 41 Procedure.-Arrest,
1082 1282 229 44 preliminary
1323 1282 249 42 examination,
1587 1282 83 42 bail,
1684 1282 223 43 indictment,
1920 1282 107 35 infor足

329 1328 149 42 mation;
499 1334 257 36 arrangement,
776 1328 108 43 pleas,
906 1328 165 42 motions;
1093 1327 93 43 trial;
1205 1328 229 43 proceedings
1452 1329 217 42 subsequent
1689 1333 37 29 to
1743 1327 96 44 trial;
1856 1327 120 36 modes
1991 1327 36 35 of

330 1374 138 40 review;
483 1373 240 42 punishment.
750 1373 137 43 Keedy,
909 1373 101 35 Cases
1026 1384 43 23 on
1094 1373 288 35 Administration
1397 1373 37 44 of
1450 1374 171 34 Criminal
1641 1374 93 34 Law.
1759 1372 78 44 iC.,
1854 1374 171 41 Summer,

332 1419 109 41 1934,1
466 1419 274 33 PUTTKAM:MER.

391 1478 77 31 365.
494 1477 148 32 Federal
667 1478 228 38 Jurisdiction
918 1478 70 31 and
1013 1476 334 34 Procedure.-The
1367 1474 133 36 federal
1521 1474 145 43 judicial
1687 1480 148 38 system;
1857 1475 169 34 constitu足

330 1520 234 35 tionallimits
574 1521 35 34 of
620 1532 117 32 power
747 1521 35 33 of
792 1520 133 35 federal
935 1526 132 36 courts;
1079 1520 224 35 substantive
1316 1521 71 34 and
1400 1520 206 44 procedural
1620 1520 67 34 law
1700 1520 156 44 applied;
1869 1520 158 42 jurisdic足

331 1566 74 34 tion
426 1565 36 34 of
484 1565 153 35 District
655 1571 134 28 courts:
823 1565 173 43 diversity
1015 1566 36 34 of
1073 1565 218 44 citizenship,
1313 1565 132 35 federal
1465 1566 175 43 question,
1662 1565 157 35 removal
1839 1566 36 33 of
1895 1576 131 31 causes,

329 1611 257 42 jurisdictional
598 1616 160 36 amount,
772 1621 128 32 venue;
913 1616 208 29 concurrent
1132 1611 219 41 jurisdiction
1366 1611 36 34 of
1415 1616 93 30 state
1520 1616 133 37 courts;
1666 1610 148 44 original
1827 1611 69 33 and
1909 1609 118 44 appel足

329 1656 71 35 late
416 1656 233 42 jurisdiction,
669 1657 81 34 U.S.
770 1657 169 43 Supreme
957 1657 122 34 Court.
1106 1655 232 36 Frankfurter
1353 1656 72 34 and
1443 1657 106 40 Katz,
1573 1656 103 34 Cases
1694 1668 43 22 on
1756 1656 140 34 Federal
1911 1656 115 34 Juris足

328 1702 126 34 diction
471 1702 69 33 and
560 1702 197 34 Procedure.
786 1702 53 41 C.,
856 1701 173 42 Autumn,
1047 1702 113 34 KATZ.

388 1761 77 31 371.
493 1756 195 43 (Formerly
710 1756 58 43 43)
793 1760 114 32 Trade
930 1757 346 41 Regulation.-The
1296 1757 68 34 law
1384 1757 38 35 of
1443 1757 245 43 competition,
1710 1757 181 43 including
1913 1756 115 35 unfair

328 1802 232 44 competition
581 1803 71 34 and
673 1803 139 34 devices
832 1802 55 34 for
907 1802 154 44 limiting
1082 1803 242 42 competition.
1351 1803 185 34 Casebook
1559 1807 37 30 to
1618 1802 45 35 be
1684 1802 219 35 announced.
1930 1801 21 43 i
1972 1802 53 41 C.,

329 1848 137 43 Spring,
484 1848 134 34 SHARP.

388 1908 77 30 372.
494 1902 194 43 (Formerly
706 1902 56 43 74)
783 1905 113 32 Labor
913 1902 270 43 Law.j+-Early
1200 1903 145 44 English
1364 1903 187 42 Statutory
1568 1902 247 45 Regulations;
1832 1902 144 45 legality
1990 1901 36 35 of

328 1949 256 41 combination;
601 1948 132 35 federal
750 1948 222 42 jurisdiction
988 1959 85 23 over
1090 1947 99 35 labor
1206 1949 173 42 disputes;
1400 1948 143 43 legality
1559 1948 36 34 of
1613 1959 123 23 means
1752 1948 72 34 and
1839 1948 136 42 objects
1990 1946 36 36 of

329 1994 99 33 labor
439 1993 274 43 organizations;
727 1998 185 38 corporate
925 1993 122 43 rights,
1060 2003 134 33 powers
1207 1994 70 34 and
1290 1993 178 34 liabilities
1480 1993 35 33 of
1528 1992 101 35 labor
1641 1993 141 41 unions;
1799 1993 100 34 trade
1912 2003 114 32 agree足

329 2044 130 36 ments;
477 2039 61 33 the
555 2038 199 42 injunction
771 2038 36 34 in
824 2038 100 34 labor
940 2038 173 44 disputes;
1131 2038 201 43 regulatory
1350 2037 99 35 labor
1465 2037 213 44 legislation;
1695 2037 225 44 compulsory
1937 2037 88 34 arbi足

329 2084 147 41 tration;
494 2083 209 34 workmen's
719 2083 278 44 compensation.
1024 2083 183 35 Casebook
1225 2088 37 29 to
1279 2084 45 34 be
1340 2083 220 35 announced.
1588 2082 20 43 i
1627 2084 54 41 C.,
1700 2083 173 42 Summer,
1890 2082 135 35 Second

327 2130 119 40 Term,
464 2129 197 33 FORDHAM.
1910 2133 3 4 '

389 2188 77 31 376.
494 2183 194 42 (Formerly
708 2182 88 43 42A)
821 2186 123 32 Public
965 2186 120 38 Utility
1106 2182 484 45 Regulation+-Regulation
1610 2184 37 34 of
1667 2183 141 43 general
1829 2189 76 28 rate
1924 2182 102 42 level;

330 2228 151 35 "value"
498 2229 55 34 for
570 2228 222 44 ratemaking
807 2240 183 32 purposes;
1009 2229 207 34 certificates
1232 2229 36 34 of
1286 2229 174 42 necessity
1477 2229 71 33 and
1564 2228 250 42 convenience;
1832 2228 193 43 regulation

328 2275 36 33 of
382 2274 154 42 security
552 2273 121 42 issues,
691 2273 144 43 holding
852 2274 212 43 companies,
1082 2273 70 34 and
1170 2278 93 30 rates
1278 2274 91 34 fixed
1385 2274 49 42 by
1450 2278 163 30 contract
1629 2284 40 23 or
1684 2273 191 42 franchise;
1893 2273 132 43 regula足

330 2319 74 34 tion
429 2319 36 34 of
491 2318 197 35 individual
712 2325 93 28 rates
829 2319 71 33 and
924 2317 511 44 practices+discrimination;
1460 2318 160 35 conflicts
1643 2319 159 34 between
1829 2317 197 44 regulatory

328 2364 160 43 agencies
502 2364 38 33 of
556 2365 135 41 nation,
709 2369 106 37 state,
833 2364 71 34 and
921 2364 87 42 city;
1026 2363 147 35 relative
1187 2363 182 35 functions
1384 2364 36 34 of
1437 2363 243 35 commissions
1697 2364 71 34 and
1783 2369 134 37 courts;
1934 2363 91 35 busi足

328 2421 80 22 ness
426 2409 141 42 subject
586 2415 36 29 to
643 2409 196 43 regulation
858 2420 39 23 as
914 2408 121 44 public
1053 2408 160 42 utilities;
1234 2408 134 35 Illinois
1388 2410 205 34 Commerce
1613 2409 238 35 Commission
1869 2409 69 34 Act
1955 2408 69 35 and

329 2456 194 32 Interstate
540 2455 206 34 Commerce
762 2455 79 34 Act.
867 2455 107 42 Katz,
996 2454 163 35 Caseson
1179 2454 123 34 Public
1329 2455 124 42 Utility
1473 2454 205 44 Regulation:
1694 2453 327 45 (mimeographed).

330 2500 53 41 C.,
401 2499 172 42 Summer,
590 2500 110 41 1934,1
718 2500 114 34 KATZ.

391 2554 96 34 *377.
515 2553 194 43 (Formerly
729 2553 57 44 (6)
811 2555 305 34 Taxation.-The
1135 2559 127 29 nature
1281 2555 36 34 of
1338 2555 121 43 taxing
1478 2565 117 33 power
1614 2555 80 44 and.
1706 2555 61 35 the
1785 2565 170 34 purposes
1972 2556 53 34 for

328 2599 113 34 which
458 2599 29 35 it
503 2611 83 32 may
602 2600 44 34 be
661 2600 101 42 used;
778 2599 229 35 distribution
1023 2600 36 34 of
1076 2605 60 28 tax
1151 2600 153 42 burden;
1320 2599 89 44 legal
1424 2599 179 44 problems
1619 2600 130 43 arising
1764 2601 38 34 in
1817 2600 207 35 connection

328 2645 86 33 with
424 2644 198 44 important
634 2650 102 38 types
746 2646 35 34 of
794 2650 112 37 taxes;
919 2646 214 42 exemption;
1145 2645 241 34 enforcement
1395 2645 36 34 of
1445 2651 59 29 tax
1515 2645 214 44 obligations
1740 2646 71 34 and
1825 2644 197 45 taxpayers'

328 2690 178 36 remedies.
533 2690 126 44 Magill
674 2691 71 34 and
760 2690 175 44 Maguire,
957 2691 103 34 Cases
1075 2702 43 23 on
1139 2691 180 34 Taxation.
1346 2690 19 43 i
1384 2692 54 41 C.,
1454 2692 150 41 Winter,
1620 2691 123 34 KENT.

388 2750 77 30 378.
492 2745 195 43 (Formerly
702 2744 57 44 69)
778 2749 148 32 Federal
943 2749 181 32 Taxation.
1130 2746 96 43 t-A
1241 2748 110 42 study
1364 2747 37 34 of
1418 2747 61 35 the
1494 2752 177 30 structure
1687 2747 70 35 and
1773 2747 202 44 operations
1989 2745 35 36 of

326 2790 134 36 federal
477 2803 152 23 revenue
647 2797 75 29 acts
741 2802 38 24 as
798 2792 86 42 they
902 2791 109 35 relate
1031 2797 36 29 to
1088 2792 61 34 the
1167 2792 161 35 taxation
1346 2793 35 33 of
1399 2792 155 35 incomes
1572 2792 71 35 and
1662 2792 203 35 decedent's
1883 2797 139 31 estates.

328 2836 106 34 Beale
444 2837 71 34 and
527 2837 138 43 Magill,
684 2837 103 34 Cases
799 2849 42 22 on
855 2837 139 34 Federal
1011 2838 180 41 Taxation,
1205 2837 70 34 and
1288 2837 145 35 Federal
1445 2839 144 34 Income
1600 2838 72 34 and
1684 2838 126 34 Estate
1821 2838 77 39 Tax
1909 2839 114 42 Regu足

327 2881 140 35 lations.
492 2882 175 42 [Omitted
686 2882 178 42 1933-34.]

390 2938 97 34 *381.
515 2938 194 42 (Formerly
729 2937 58 43 63)
813 2940 270 33 Constitutional
1105 2941 79 31 Law
1204 2941 27 31 I.
1238 2937 215 44 t-Making
1472 2938 72 34 and
1562 2938 177 44 changing
1758 2938 265 41 constitutions;

326 2984 161 34 function
503 2984 36 34 of
554 2982 175 45 judiciary
743 2983 36 34 in
795 2984 180 43 enforcing
989 2983 267 43 constitutions;
1272 2983 201 44 separation
1487 2983 71 34 and
1574 2983 201 43 delegation
1788 2982 37 35 of
1841 2993 135 34 powers
1988 2981 35 35 of

378 3068 9 15 r
398 3061 169 31 Tentative.

680 3061 13 34 t
706 3061 61 30 Not
778 3061 126 30 credited
918 3061 109 31 toward
1039 3071 18 21 a
1068 3061 54 30 law
1135 3061 99 35 degree
1246 3061 23 29 if
1282 3060 86 31 taken
1380 3060 98 30 before
1488 3059 116 31 courses
1617 3062 62 32 221,
1692 3061 64 33 222,
1767 3059 58 30 and
1838 3060 65 30 240:
