2089 3449
378 196 21 35 4

747 198 123 34 THE
910 196 380 36 UNIVERSITY
1329 197 69 34 OF
1437 194 275 37 CHICAGO

378 309 146 43 pletion,
540 309 212 35 constitutes
767 321 21 22 a
804 309 227 43 preparation
1046 310 54 33 for
1116 309 60 34 the
1192 309 154 44 practice
1361 309 36 34 of
1412 308 66 36 law
1493 308 37 35 in
1545 320 72 31 any
1632 307 321 45 English-speaking
1967 308 54 44 ju,..
2019 325 21 20 ..

379 366 145 34 diction.
550 365 188 35 Wherever
761 376 195 32 necessary,
981 365 177 44 emphasis
1182 365 29 35 is
1234 365 73 35 also
1333 365 70 35 laid
1428 377 96 33 upon
1547 364 105 44 legal,
1661 365 174 35 doctrines
1858 364 141 44 peculiar
2018 374 27 26 t.!

380 422 133 36 Illinois
529 433 39 23 or
583 426 37 30 to
637 421 101 35 other
752 421 229 43 neighboring
996 425 122 31 states.
1144 422 57 42 By
1217 420 122 44 taking
1354 422 201 43 advantage
1570 422 36 35 of
1623 421 61 35 the
1698 427 142 37 quarter
1853 425 123 39 system
1989 422 60 38 (�"t

380 478 125 42 below)
524 479 165 34 students
705 489 83 32 may
804 477 173 44 complete
995 477 70 35 this
1082 488 121 24 course
1219 477 37 35 in
1274 483 69 29 two
1360 479 70 34 and
1447 478 204 35 one-fourth
1667 477 165 36 calendar
1850 487 103 32 years.

443 536 43 34 In
507 534 88 35 both
616 535 60 34 the
695 533 307 45 pre-professional
1022 533 70 35 and
1114 534 60 34 the
1193 534 230 43 professional
1443 534 212 36 curriculum
1674 534 46 35 all
1739 533 159 36 facilities
1914 544 53 24 are
1984 544 56 34 Jm'

381 591 106 35 vided
505 592 56 33 for
578 590 197 36 individual
794 590 257 44 development.
1080 590 170 35 Students
1270 602 59 23 are
1349 591 218 43 encouraged
1587 595 38 30 to
1644 591 148 44 proceed
1810 590 101 43 along
1927 588 77 38 lines
2020 595 29 30 oi

380 647 198 35 individual
598 647 104 35 effort
721 647 70 34 and
813 647 108 42 study
942 651 36 30 to
1000 646 60 34 the
1079 646 65 34 full
1164 651 122 30 extent
1305 647 36 34 of
1362 647 92 35 their
1472 647 200 44 capacities.

445 704 170 35 Students
628 714 84 32 may
725 708 98 30 enter
836 703 61 34 the
908 703 85 35 Law
1007 702 124 35 School
1147 701 50 44 (1)
1213 708 39 29 at
1266 703 60 34 the
1339 703 189 43 beginning
1539 704 37 34 of
1591 704 91 34 their
1694 701 290 46 pre-professional
1997 702 49 36 In

381 759 118 36 school
513 760 106 42 work,
636 758 50 44 (2)
702 764 40 30 at
753 760 61 34 the
828 759 188 43 beginning
1028 759 36 35 of
1078 758 91 35 their
1180 759 230 43 professional
1423 760 106 42 work,
1544 771 39 24 or
1598 758 51 44 (3)
1664 760 85 35 with
1762 759 173 36 advanced
1948 764 91 32 SUb�

380 816 60 42 ing
455 816 37 33 in
508 815 230 44 professional
754 816 107 34 work.

887 899 122 40 THE
1032 898 290 43 QUARTER
1347 899 227 41 SYSTEM

441 966 77 35 The
544 961 133 49 system
703 966 194 45 prevailing
923 967 36 34 in
986 967 60 34 the
1072 966 206 43 University
1303 966 37 34 of
1365 966 160 43 dividing
1551 966 61 36 the
1639 966 101 35 work'
1759 967 74 34 into
1860 971 146 38 quarters
2028 982 22 20 U

381 1022 157 43 adopted
550 1023 36 34 in
600 1023 60 35 the
673 1023 84 35 Law
770 1023 135 34 School.
931 1023 87 35 This
1029 1022 84 43 plan
1126 1022 96 43 gives
1236 1022 60 34 the
1309 1022 146 35 student
1467 1033 20 23 a
1500 1027 137 38 greater
1649 1022 183 43 flexibility
1843 1022 35 34 in
1890 1025 157 40 arran�"t

381 1079 55 34 his
457 1079 104 33 work.
588 1079 76 34 The
684 1084 161 37 quarters
865 1090 58 23 are
943 1079 206 42 designated
1169 1090 39 23 as
1229 1078 60 34 the
1310 1079 170 41 Summer,
1502 1079 173 40 Autumn,
1696 1078 231 42 Winter,and
1946 1079 104 43 Sprl�r

381 1139 173 38 quarters,
579 1134 189 44 beginning
789 1134 231 43 respectively
1042 1134 36 34 in
1105 1134 153 34 1933-34
1280 1145 45 22 on
1348 1134 91 42 June
1463 1134 53 41 20,
1541 1133 154 35 October
1716 1133 32 42 3,
1770 1135 154 42 January
1944 1134 29 42 2,
1993 1141 56 29 :atl�

383 1191 99 42 April
501 1191 30 33 2.
558 1191 99 34 Each
675 1196 144 38 quarter
836 1191 30 34 is
884 1191 91 34 from
994 1190 120 34 eleven
1134 1195 37 29 to
1192 1190 125 35 twelve
1337 1189 112 36 weeks
1467 1189 92 44 long,
1580 1190 71 34 and
1672 1188 59 36 the
1751 1190 155 34 Summer
1922 1190 126 43 Qua�r�

381 1247 30 34 is
427 1246 142 35 divided
584 1247 76 34 into
677 1252 68 29 two
762 1252 120 30 terms.
909 1247 30 33 A
954 1258 111 23 recess
1080 1257 121 24 occurs
1216 1247 158 34 between
1389 1247 193 34 successive
1596 1250 172 39 quarters,
1784 1251 119 38 except
1915 1246 131 36 bet�

383 1302 61 34 the
458 1303 126 43 Spring
596 1303 71 34 and
681 1304 161 34 Summer
855 1308 170 38 quarters.
1052 1303 82 42 Any
1147 1303 98 34 three
1259 1307 161 40 quarters
1432 1307 110 30 count
1554 1314 39 23 as
1606 1314 47 23 an
1666 1302 178 35 academic
1856 1313 87 32 year,
1956 1305 60 34 and
2028 1314 20 22 I!

382 1359 29 34 is
430 1359 82 35 thus
529 1358 153 45 possible
700 1365 37 29 to
756 1359 173 44 complete
947 1359 60 35 the
1026 1359 198 43 three-year
1240 1359 67 35 law
1325 1370 121 24 course
1462 1359 38 34 in
1518 1364 69 30 two
1605 1359 72 35 and
1694 1358 198 35 one-fourth
1910 1358 137 38 calerx*..l�

378 1426 114 32 years.

446 1471 311 45 Pre-professional
773 1472 163 35 students
952 1472 126 35 should
1094 1472 122 35 advise
1232 1471 86 36 with
1335 1471 60 35 the
1412 1472 102 34 Dean
1530 1472 37 34 of
1583 1471 308 45 Pre-professional
1906 1471 142 36 Studtt!t

382 1539 39 24 as
434 1532 38 31 to
485 1528 91 34 their
588 1540 139 23 courses
739 1529 71 34 and
822 1529 61 33 the
895 1528 258 35 co-ordination
1166 1528 87 35 with
1266 1529 60 33 the
1337 1528 229 44 professional
1579 1527 107 36 work.

444 1584 77 35 The
536 1584 232 44 professional
783 1584 95 34 work
894 1584 36 34 of
946 1584 61 34 the
1021 1584 84 35 Law
1121 1583 129 35 School
1264 1596 67 23 can
1346 1589 94 30 most
1455 1584 305 43 advantageously
1775 1583 44 35 be
1834 1582 107 45 begun
1954 1591 32 29 at
2002 1586 44 33 Ihf

382 1639 190 44 beginning
588 1641 37 33 of
641 1640 61 34 the
720 1641 160 33 Summer
895 1651 39 24 or
951 1641 161 34 Autumn
1128 1650 165 32 quarters
1304 1640 72 35 and
1387 1640 166 35 students
1564 1651 59 24 are
1637 1640 107 43 urged
1757 1645 37 30 to
1805 1639 81 45 plan
1899 1639 137 46 thd:j';�'

382 1695 233 44 professional
630 1696 95 34 work
742 1695 85 34 with
844 1696 72 34 this
931 1695 70 37 end
1014 1695 38 34 in
1067 1695 98 34 view.
1192 1695 189 35 Part-time
1396 1695 233 43 professional
1644 1695 96 35 work
1754 1707 84 32 may
1851 1695 42 34 be
1906 1695 99 41 begun
2019 1706 26 24 1\

383 1752 62 34 the
459 1751 190 44 beginning
662 1751 37 35 of
714 1751 61 35 the
790 1752 126 43 Spring
930 1752 162 42 Quarter.
1118 1752 103 34 After
1234 1751 190 43 beginning
1440 1751 61 35 the
1514 1751 232 43 professional
1759 1751 94 35 work
1867 1751 56 35 the
1935 1761 110 26 cou�!

383 1818 59 23 are
460 1819 39 23 so
518 1807 173 43 arranged
708 1808 84 33 that
810 1819 21 22 a
849 1807 148 34 student
1016 1807 47 42 by
1082 1807 210 43 continuing
1310 1806 54 35 his
1383 1807 95 34 work
1498 1807 156 43 through
1674 1806 60 35 the
1753 1807 155 35 Summer
1924 1806 122 43 QU1Ml�

384 1874 83 31 may
488 1863 175 42 complete
682 1862 55 34 his
756 1862 231 44 professional
1007 1862 96 34 work
1121 1862 37 34 in
1180 1867 70 29 two
1271 1862 72 34 and
1363 1862 205 34 one-fourth
1576 1862 179 35 "calendar
1773 1873 109 31 years.
1906 1862 142 35 Studee.u

383 1918 161 43 entering
559 1918 87 34 with
661 1918 185 34 advanced
861 1917 230 44 professional
1107 1917 168 44 standing
1290 1929 84 32 may
1390 1919 45 34 do
1452 1929 38 23 so
1506 1922 39 30 at
1561 1918 61 34 the
1637 1918 189 44 beginning
1841 1917 35 36 of
1889 1929 65 32 any
1966 1929 69 32 q�

385 1978 64 38 ter,
466 1985 41 23 or
522 1978 40 30 at
579 1974 62 34 the
657 1973 136 35 Second
810 1973 106 34 Term
933 1973 36 35 of
986 1974 62 34 the
1065 1974 162 34 Summer
1244 1973 163 43 Quarter.

0 2409 9 20 i

0 2431 22 41 t

719 2062 342 42 ADMISSION
1085 2062 90 41 TO
1193 2063 121 40 THE
1338 2062 144 41 LAW
1508 2062 243 42 SCHOOL

445 2129 59 35 All
517 2140 146 33 persons
677 2128 142 44 seeking
833 2128 192 36 admission
1041 2134 37 30 to
1095 2128 60 35 the
1169 2128 85 35 Law
1269 2129 127 35 School
1410 2140 59 23 are
1484 2129 163 44 required
1662 2134 38 29 to
1715 2128 47 35 fill
1778 2116 67 48 out
1853 2129 66 35 and
1933 2137 113 35 pf'tl,l':','

382 2185 38 34 in
437 2186 161 34 advance
614 2197 47 23 an
678 2184 219 44 application
913 2185 56 34 for
985 2184 203 35 admission.
1215 2185 94 34 Such
1326 2185 218 43 application
1560 2185 93 35 form
1671 2196 83 32 may
1770 2185 45 34 be
1830 2184 131 36 secured
1976 2185 67 35 f�

384 2240 61 34 the
460 2241 100 33 office
574 2241 36 34 of
627 2240 61 34 the
703 2241 104 33 Dean
821 2240 36 34 of
874 2240 61 34 the
948 2241 85 33 Law
1048 2240 136 35 School.
1210 2240 56 34 No
1280 2241 133 35 student
1427 2241 72 33 who
1514 2241 61 33 has
1591 2240 79 34 been
1683 2241 148 41 dropped
1837 2240 89 43 from
1938 2246 108 28 a1W�

389 2296 81 34 Law
490 2296 120 35 School
630 2296 72 34 will
722 2296 36 34 be
779 2296 168 34 admitted.
973 2295 57 34 All
1051 2295 209 35 credentials
1281 2296 126 34 should
1428 2296 45 33 be
1493 2296 189 43 presented
1702 2301 40 29 at
1764 2295 59 35 the
1843 2295 91 34 office
1953 2295 31 34 of
2002 2298 42 32 t\I'

385 2352 114 33 Dean.
524 2351 77 35 The
614 2351 191 36 admission
817 2351 36 36 of
866 2351 199 44 applicants
1077 2351 69 35 will
1157 2352 45 34 be
1215 2351 145 35 decided
1373 2362 96 33 upon
1483 2351 61 35 the
1557 2352 87 34 data
1656 2351 144 35 derived
1812 2351 89 36 from
1912 2350 79 37 their
2000 2363 30 31 .lj

383 2407 188 43 plications
585 2407 71 35 and
672 2407 91 35 their
776 2407 181 44 collegiate
973 2407 148 35 records.
1147 2408 233 34 Notification
1396 2406 68 36 will
1477 2407 45 34 be
1536 2408 104 43 given
1655 2407 181 44 promptly
1849 2406 86 36 after
1947 2408 50 35 the'
2008 2419 25 22 l'

383 2463 95 42 ceipt
497 2463 37 33 of
555 2463 61 34 the
635 2463 217 43 application
872 2463 71 34 and
964 2463 61 34 the
1045 2462 129 43 college
1194 2463 132 34 record.
1352 2464 43 32 In
1416 2473 97 24 cases
1533 2464 36 33 of
1590 2463 126 41 doubt,
1737 2462 272 44 correspondence
2026 2476 17 20 To

383 2518 136 34 invited
535 2518 120 35 before
670 2518 61 35 the
745 2518 147 35 student
905 2524 160 37 presents
1080 2517 139 36 himself
1233 2518 56 34 for
1303 2518 202 35 admission.
1532 2518 204 35 Directions
1749 2517 55 35 for
1818 2518 222 36 matriculau»

384 2574 71 34 and
472 2573 224 45 registration
712 2574 69 36 will
797 2575 44 34 be
855 2574 183 35 furnished
1054 2574 36 35 in
1107 2574 61 36 the
1185 2573 134 36 Dean's
1334 2574 110 35 office.

446 2631 308 43 Correspondence
767 2631 126 34 should
906 2631 44 34 be
964 2631 188 35 addressed
1168 2636 36 29 to
1220 2630 61 36 the
1294 2631 104 34 Dean
1411 2630 36 35 of
1461 2631 61 35 the
1535 2631 84 34 Law
1633 2629 139 44 School,
1784 2631 78 34 The
1873 2631 167 36 Universe­

384 2686 36 34 of
438 2687 166 43 Chicago,
622 2687 166 43 Chicago,
804 2687 145 35 Illinois.

549 2774 296 35 CANDIDACY
869 2774 96 35 FOR
988 2775 101 35 THE
1114 2764 202 46 DEGREE
1341 2774 61 36 OF
1427 2775 264 35 BACHELOR
1714 2775 61 35 OF
1799 2774 117 37 ARTS

447 2841 247 44 Applications
703 2842 56 34 for
769 2841 192 36 admission
973 2847 36 29 to
1024 2842 61 34 the
1097 2843 84 33 Law
1196 2841 126 35 School
1334 2853 39 24 as
1385 2853 22 24 a
1419 2842 192 35 candidate
1622 2842 56 35 for
1692 2842 59 34 the
1764 2842 120 43 degree
1896 2842 33 35 of
1942 2842 87 35 B��l!

382 2896 53 36 lor
447 2898 37 34 of
498 2898 84 34 Arts
595 2909 84 31 may
691 2897 44 35 be
748 2898 104 34 made
866 2896 50 43 (1)
930 2897 49 44 by
989 2909 72 31 any
1071 2898 148 34 student
1229 2898 78 34 who
1316 2898 65 34 has
1394 2897 254 43 satisfactorily
1661 2897 196 44 completed
1870 2898 88 35 three
1967 2906 74 36 YC.$"

384 2953 36 36 of
429 2953 315 45 pre-professional
757 2954 94 34 work
865 2958 39 30 at
918 2954 61 34 the
991 2953 209 44 University
1212 2954 35 34 of
1263 2954 154 44 Chicago
1431 2965 39 23 or
1486 2951 50 43 (2)
1553 2954 78 35 who
1644 2954 66 35 has
1722 2954 91 35 done
1825 2953 164 36 elsewhere
2001 2958 37 25 e,·

383 3010 207 45 equivalent
608 3010 36 35 of
662 3010 88 35 such
770 3010 99 34 three
887 3021 104 32 years
1008 3010 36 35 of
1064 3009 106 35 work.
1196 3010 77 34 The
1291 3015 151 30 amount
1459 3010 37 34 of
1515 3010 114 34 credit
1645 3010 105 43 given
1767 3010 36 35 in
1821 3010 83 35 each
1919 3021 69 24 case
2002 3009 31 29 fjr
