2115 3422
354 225 43 35 18

727 226 122 34 THE
889 226 380 35 UNIVERSITY
1307 226 69 35 OF
1417 225 274 36 CHICAGO

418 338 69 35 The
511 338 52 35 La
591 339 107 35 Vente
718 338 114 43 Noyes
855 338 227 43 Foundation,
1104 338 214 35 established
1336 337 86 45 July
1442 338 32 43 5,
1498 338 96 42 1918,
1614 337 50 43 by
1685 338 60 35 the
1763 338 70 43 gift
1851 338 35 35 of
1907 338 71 35 Mr.
1999 338 51 35 La

353 396 114 34 Verne
485 396 132 42 Noyes,
636 395 165 44 provides
819 395 36 34 in
875 395 61 34 the
955 395 160 43 Colleges
1133 395 70 34 and
1222 395 36 34 in
1279 395 59 35 the
1358 395 180 35 Divisions
1555 395 71 34 and
1646 394 232 36 Professional
1897 395 153 43 Schools,

353 452 129 34 tuition
500 451 236 44 scholarships
753 451 36 35 in
806 457 82 38 part
904 462 40 24 or
960 453 36 33 in
1013 450 65 36 full
1093 452 56 34 for
1165 452 183 43 deserving
1365 451 164 36 students
1546 451 93 35 who:
1666 450 49 44 (1)
1734 450 91 37 shall
1843 451 208 36 themselves

351 508 92 34 have
457 508 122 34 served
594 508 35 33 in
645 508 60 34 the
720 508 110 42 Army
843 519 39 23 or
896 509 109 41 Navy
1017 508 37 34 of
1069 507 60 35 the
1143 508 132 35 United
1290 509 118 34 States
1421 508 35 34 in
1472 507 59 35 the
1544 508 85 34 War
1641 508 54 34 for
1708 508 128 43 liberty
1849 508 75 34 into
1939 508 112 35 which

352 563 61 35 the
427 563 174 44 Republic
614 564 145 34 entered
772 575 46 23 on
833 564 99 43 April
946 565 31 41 6,
995 563 97 43 1917,
1105 574 41 24 or
1161 563 51 43 (2)
1228 563 89 36 shall
1330 564 44 34 be
1387 565 234 34 descendants
1634 564 49 43 by
1696 564 106 35 blood
1815 564 36 34 of
1864 575 139 32 anyone
2015 565 35 34 in

352 619 61 36 the
426 620 130 35 service
568 620 36 34 in
619 620 60 36 the
692 620 110 44 Army
814 631 40 24 or
866 621 107 42 Navy
985 619 37 36 of
1036 620 59 34 the
1108 620 133 35 United
1255 621 117 34 States
1385 621 77 34 who
1475 620 123 36 served
1609 619 37 36 in
1659 620 77 35 said
1747 631 85 32 war;
1845 631 39 24 or
1898 619 50 44 (3)
1963 620 88 35 shall

351 676 44 35 be
415 677 236 35 descendants
672 678 48 41 by
740 677 105 35 blood
866 677 37 34 of
923 687 139 33 anyone
1082 676 78 34 who
1180 677 124 34 served
1324 676 34 35 in
1381 677 62 34 the
1463 677 110 42 Army
1593 686 39 26 or
1652 678 108 41 Navy
1779 677 39 35 of
1838 676 61 35 the
1918 676 131 36 United

352 733 118 35 States
484 733 36 34 in
535 733 76 35 said
626 744 82 31 war,
722 733 173 44 provided
910 734 82 34 that
1006 733 86 34 such
1107 733 132 34 service
1253 744 69 24 was
1338 734 211 34 terminated
1564 733 48 43 by
1626 744 46 22 an
1687 733 191 35 honorable
1892 733 107 35 death
2012 743 39 26 or

350 800 46 23 an
408 789 193 35 honorable
613 789 193 45 discharge.
832 789 77 35 The
920 794 149 29 amount
1080 790 37 33 of
1130 789 61 34 the
1203 789 218 43 scholarship
1433 789 156 44 depends
1601 800 96 33 upon
1710 789 61 35 the
1781 790 270 36 circumstances

350 846 37 34 of
401 846 85 34 each
500 858 89 23 case.
616 845 76 35 The
706 846 236 43 scholarships
955 856 59 23 are
1026 845 164 35 awarded
1204 846 182 43 quarterly
1397 845 71 35 and
1484 845 60 35 the
1557 845 126 35 formal
1696 845 216 45 application
1925 845 125 37 should

351 902 44 35 be
408 901 79 36 filed
502 908 39 29 at
555 902 89 35 least
657 902 68 34 five
740 887 113 50 weeks
867 902 120 34 before
1002 902 60 34 the
1075 901 192 44 beginning
1280 902 36 34 of
1332 902 60 35 the
1406 907 144 39 quarter
1563 902 55 34 for
1632 902 112 35 which
1760 901 61 36 the
1836 893 213 53 scholarship

351 958 29 36 is
397 959 147 35 desired.
571 958 228 45 Application
818 958 126 36 should
962 958 43 35 be
1023 958 104 35 made
1146 963 36 30 to
1202 958 61 36 the
1279 959 99 34 office
1395 959 36 35 of
1451 957 60 37 the
1530 959 214 35 Committee
1760 969 47 24 on
1827 958 223 45 Fellowships

350 1015 71 35 and
439 1015 254 43 Scholarships.
740 1007 3 5 .

415 1072 193 43 University
628 1071 419 44 Fellowships.-Several
1064 1071 215 45 fellowships
1296 1083 58 24 are
1371 1071 174 36 available
1564 1077 37 29 to
1618 1071 209 35 candidates
1844 1071 53 35 for
1915 1071 60 35 the
1992 1073 57 34 de­

350 1139 80 32 gree
447 1128 37 34 of
499 1128 120 43 J.S.D.
637 1128 71 35 and
726 1140 84 31 may
826 1129 43 34 be
884 1128 165 34 awarded
1067 1133 36 30 to
1121 1128 152 36 suitable
1288 1129 200 43 applicants
1503 1128 36 35 in
1557 1128 61 35 the
1633 1128 189 35 discretion
1838 1128 37 34 of
1891 1127 60 36 the
1967 1129 81 34 Law

351 1184 161 43 Faculty.
539 1184 246 44 Applications
800 1184 173 35 therefore
988 1184 125 35 should
1129 1185 43 34 be
1186 1185 104 34 made
1304 1190 63 30 not
1382 1185 90 34 later
1487 1185 87 34 than
1590 1184 99 44 April
1707 1185 49 34 15.
1783 1184 200 36 Directions
1995 1185 53 35 for

351 1240 144 44 making
512 1241 85 35 such
614 1240 237 47 applications
868 1240 68 35 will
954 1241 43 35 be
1014 1246 78 30 sent
1109 1252 96 33 upon
1223 1246 150 38 request.

1041 1343 132 34 LOAN
1197 1343 175 38 FUNDS.

408 1421 116 36 There
539 1433 59 24 are
614 1433 189 25 numerous
816 1422 81 34 loan
911 1422 108 35 funds
1032 1421 215 36 established
1263 1421 151 45 through
1430 1421 60 35 the
1502 1422 201 44 generosity
1715 1422 36 34 of
1765 1422 140 34 various
1918 1422 128 35 friends

348 1479 37 35 of
404 1478 60 35 the
481 1480 85 32 Law
585 1479 136 34 School.
746 1480 117 33 Loans
881 1489 84 32 may
982 1478 43 35 be
1042 1478 169 35 obtained
1229 1479 91 34 from
1340 1478 98 36 these
1453 1478 107 35 funds
1577 1479 48 43 by
1642 1479 84 34 Law
1744 1478 125 35 School
1887 1478 172 35 students'

348 1546 97 33 upon
459 1547 22 22 a
494 1546 128 33 proper
635 1534 157 44 showing
804 1535 38 34 of
857 1534 60 36 the
931 1535 89 34 need
1033 1534 36 35 of
1082 1535 164 34 financial
1259 1535 203 35 assistance.
1489 1534 92 36 Such
1594 1535 100 35 loans
1707 1547 59 23 are
1779 1534 173 36 available
1964 1534 81 44 only

350 1597 36 30 to
404 1591 164 35 students
585 1592 78 34 who
681 1592 92 34 have
788 1591 72 35 had
877 1597 40 29 at
932 1591 91 35 least
1040 1591 98 35 three
1154 1597 162 37 quarters
1332 1591 36 34 of
1385 1591 178 35 residence
1578 1591 36 35 in
1633 1591 60 34 the
1709 1591 135 35 School.

415 1648 69 35 The
500 1649 103 33 Ernst
618 1648 137 35 Freund
772 1649 95 34 Loan
883 1645 111 45 Fund,
1007 1647 214 36 established
1233 1648 35 34 in
1285 1648 82 35 1922
1380 1648 50 42 by
1443 1647 59 35 the
1514 1647 72 36 late
1598 1648 179 35 Professor
1788 1649 109 34 Ernst
1910 1648 134 36 Freund

348 1705 71 34 and
437 1705 95 34 since
548 1705 55 34 his
618 1705 110 34 death
745 1704 214 44 augmented
975 1704 49 43 by
1040 1704 103 35 other
1157 1704 271 35 contributions.

415 1761 69 34 The
500 1762 120 34 James
638 1761 130 35 Parker
790 1761 83 34 Hall
896 1761 96 34 Loan
1013 1761 112 42 Fund,
1144 1760 215 36 established
1376 1761 51 42 by
1446 1760 60 37 the
1522 1760 136 35 alumni
1676 1761 36 34 of
1732 1760 61 35 the
1809 1760 82 34 Law
1912 1761 132 42 School,

347 1817 37 35 in
402 1828 159 32 memory
576 1818 38 34 of
631 1817 61 35 the
707 1817 72 35 late
797 1818 101 33 Dean
916 1816 94 36 Hall.

414 1874 70 34 The
499 1874 106 42 Floyd
620 1875 43 33 R.
678 1874 44 33 },f
724 1874 109 34 echem
852 1875 95 33 Loan
963 1874 101 34 Fund
1068 1874 60 43 for
1146 1874 82 33 Law
1241 1874 168 41 Students,
1423 1872 216 37 established
1652 1874 50 42 by
1714 1873 60 35 the
1786 1873 73 35 late
1872 1874 172 35 Professor

350 1930 113 42 Floyd
481 1930 43 33 R.
543 1929 178 35 Mechem.
1794 1928 17 33 \.

415 1985 68 34 The
506 1985 107 34 Anna
633 1986 124 34 Louise
774 1986 180 42 Raymond
973 1986 95 33 Loan
1086 1986 112 41 Fund,
1214 1984 215 36 established
1444 1985 49 42 by
1508 1986 88 34 Mrs.
1613 1985 104 35 Anna
1731 1986 40 34 L.
1790 1986 188 43 Raymond
1993 1986 51 34 for

350 2042 59 35 the
424 2042 131 34 benefit
568 2042 37 33 of
620 2041 166 35 students
799 2042 37 35 in
853 2041 60 36 the
927 2043 85 33 Law
1026 2041 137 42 School,
1178 2042 201 42 preference
1395 2046 37 29 to
1447 2041 44 34 be
1504 2042 104 42 given
1625 2047 37 29 to
1677 2053 135 23 women
1828 2042 171 35 students.

415 2098 68 34 The
493 2098 122 34 Julius
630 2099 180 34 Rosenthal
825 2099 111 41 Fund,
950 2097 215 36 established
1176 2098 37 34 in
1228 2098 96 42 1903,
1338 2098 48 43 by
1397 2098 115 43 Judge
1521 2097 120 44 Julian
1653 2098 54 34 W.
1722 2098 110 34 Mack
1842 2098 36 34 in
1888 2109 154 31 memory

348 2155 36 33 of
399 2154 116 43 Julius
531 2153 207 36 Rosenthal.

415 2211 68 34 The
499 2210 104 34 Clark
621 2211 38 33 B.
677 2211 155 35 Whittier
849 2211 81 34 Law
947 2210 95 34 Loan
1056 2210 112 42 Fund,
1181 2209 214 36 established
1408 2210 49 43 by
1468 2210 179 36 Professor
1659 2210 107 36 Clark
1779 2212 41 32 B.
1834 2211 164 35 Whittier
2008 2211 33 34 in

348 2266 216 44 recognition
580 2266 37 35 of
632 2266 55 35 his
701 2266 166 43 previous
882 2266 210 35 connection
1108 2266 87 35 with
1211 2266 60 35 the
1288 2265 205 44 University
1509 2266 36 35 of
1563 2266 154 45 Chicago
1732 2267 84 34 Law
1833 2266 123 36 School
1971 2277 37 25 as
2022 2277 20 22 a

347 2322 158 35 member
519 2322 38 34 of
572 2322 48 35 its
637 2311 161 54 Faculty.

411 2378 193 43 University
627 2379 140 33 Tuition
791 2379 95 34 Loan
905 2379 177 34 Funds.-
1083 2377 77 35 The
1179 2378 206 43 University
1401 2379 65 34 has
1483 2378 214 35 established
1714 2390 22 22 a
1752 2378 81 35 loan
1849 2378 89 35 fund
1955 2379 85 34 from

348 2435 112 34 which
475 2434 99 35 loans
588 2446 83 30 may
684 2435 44 34 be
743 2435 103 34 made
862 2441 36 28 to
913 2434 164 37 students
1090 2435 36 34 in
1140 2434 88 35 need
1239 2435 36 34 of
1284 2434 163 35 financial
1458 2434 202 35 assistance.
1685 2435 76 37 The
1775 2440 148 29 amount
1935 2436 36 34 of
1985 2435 56 35 the

347 2490 80 35 loan
444 2491 29 34 is
488 2490 137 36 limited
643 2496 36 29 to
695 2491 160 35 one-half
870 2492 36 33 of
925 2491 60 35 the
1001 2491 177 35 student's
1195 2491 129 35 tuition
1340 2491 137 43 charge.
1503 2491 77 35 The
1595 2491 100 35 loans
1711 2491 84 35 bear
1810 2490 145 36 interest
1969 2497 38 29 at
2021 2491 18 35 5

346 2558 63 33 per
420 2552 93 37 cent,
525 2559 61 23 are
597 2548 56 34 for
665 2553 64 29 not
741 2558 84 23 over
837 2558 67 23 one
916 2559 96 32 year,
1026 2548 66 34 but
1104 2558 142 32 mayan
1259 2558 127 33 proper
1398 2548 158 43 showing
1568 2548 44 34 be
1624 2547 185 35 extended.
1834 2548 116 33 Loans
1962 2559 78 31 may

346 2603 43 35 be
404 2604 104 35 made
520 2604 92 34 from
628 2604 71 35 this
712 2604 89 35 fund
818 2609 35 29 to
869 2604 164 35 students
1047 2604 159 44 entering
1222 2603 60 36 the
1296 2603 84 35 Law
1394 2603 137 43 School,
1546 2603 113 36 either
1672 2604 55 35 for
1740 2603 299 45 pre-professional

345 2672 40 24 or
399 2660 231 44 professional
647 2660 107 35 work.

1062 2728 116 36 SELF
1202 2728 128 35 HELP

405 2807 32 35 A
453 2807 96 45 large
566 2803 150 40 number
732 2807 36 35 of
786 2807 165 36 students
967 2807 37 35 in
1023 2807 143 35 various
1182 2818 97 32 ways
1296 2818 84 24 earn
1397 2819 22 23 a
1436 2808 141 43 portion
1595 2807 37 35 of
1651 2807 92 35 their
1760 2818 166 33 expenses
1944 2805 94 36 while

345 2864 35 35 in
403 2864 60 36 the
483 2864 218 44 University.
727 2864 114 34 There
860 2875 60 23 are
939 2864 261 43 opportunities
1217 2864 57 34 for
1292 2864 185 43 part-time
1496 2865 96 33 work
1612 2863 36 35 in
1670 2869 230 37 restaurants,
1921 2869 115 33 stores,

344 2921 126 43 hotels,
486 2926 67 31 etc.
580 2920 114 36 There
708 2921 29 35 is
751 2920 74 35 also
840 2932 21 23 a
877 2920 137 35 limited
1028 2920 151 35 number
1192 2921 37 35 of
1244 2920 259 44 opportunities
1516 2921 55 34 for
1587 2920 245 36 remunerated
1849 2919 93 36 work
1957 2917 79 37 with

347 2978 60 35 the
420 2978 218 43 University.
664 2977 76 35 The
752 2977 108 36 latter
870 2989 161 24 resource
1043 2977 29 35 is
1085 2979 136 42 opened
1235 2982 38 30 to
1287 2978 99 35 those
1400 2978 78 33 who
1490 2977 92 35 have
1595 2982 105 39 spent
1711 2982 40 30 at
1762 2977 90 35 least
1863 2988 65 24 one
1940 2986 97 34 quar-
