2138 3502
690 222 121 36 THE
848 223 130 35 LAW
1015 223 236 35 SCHOOL

1797 219 20 36 7

186 335 28 34 1.
238 333 47 35 At
298 333 90 36 least
403 333 98 35 three
515 338 161 39 quarters
691 334 36 34 of
743 333 177 36 residence
935 339 39 29 at
991 333 70 35 this
1076 333 138 35 School.

186 391 28 35 2.
237 390 75 35 The
322 390 230 44 satisfactory
562 389 215 45 completion
788 395 39 29 at
839 389 72 35 this
921 390 84 34 Law
1018 389 125 36 School
1154 389 38 36 of
1202 390 87 35 such
1300 389 136 36 studies
1446 401 39 24 as
1499 389 60 35 the
1571 388 151 46 Faculty
1732 401 83 32 may

130 447 170 46 prescribe.

184 505 28 34 3.
236 504 75 34 The
327 502 213 36 submission
556 503 36 34 of
608 514 21 23 a
645 502 143 44 printed
804 502 226 35 dissertation
1047 513 96 31 upon
1159 502 193 35 invitation
1369 503 48 42 by
1434 507 84 30 vote
1534 502 36 35 of
1587 503 62 34 the
1664 502 153 44 Faculty

127 561 64 35 and
206 560 58 35 the
278 564 213 39 acceptance
506 559 37 34 of
558 559 88 35 such
661 558 227 36 dissertation
905 569 39 24 as
959 569 22 24 a
997 557 192 36 creditable
1205 558 241 36 contribution
1464 564 37 30 to
1517 558 90 44 legal
1622 558 145 36 science.

367 669 273 35 ADVANCED
666 668 255 35 STANDING
945 668 55 35 IN
1026 668 361 35 PROFESSIONAL
1410 669 149 35 WORK

182 745 283 44 Non-graduates
479 746 92 34 from
586 746 103 34 other
703 745 67 35 law
785 745 137 35 schools
937 746 36 33 of
988 745 85 43 high
1087 746 119 42 grade,
1223 745 78 34 who
1316 757 60 23 are
1390 745 186 36 otherwise
1590 746 168 42 qualified
1774 750 38 30 to

126 807 89 30 enter
233 802 58 34 the
309 801 138 42 School,
466 813 85 30 may
568 801 135 35 receive
721 801 123 41 credit,
863 805 65 31 not
945 801 193 43 ordinarily
1156 801 187 43 exceeding
1361 800 19 35 5
1399 807 163 37 quarters
1580 802 38 34 of
1635 801 177 35 residence

124 857 65 36 and
204 857 36 34 15
252 868 139 24 courses
403 856 36 35 in
452 862 160 37 amount,
626 858 55 34 for
697 856 59 36 the
768 857 228 43 satisfactory
1008 855 213 46 completion
1239 856 36 35 of
1293 856 95 35 work
1404 856 92 35 done
1514 857 98 34 there
1627 856 133 36 similar
1776 857 36 35 in

124 913 170 35 character
313 918 38 29 to
372 912 81 35 that
472 913 162 43 required
653 912 92 35 here.
781 913 201 35 Graduates
1001 913 35 34 of
1056 912 182 44 approved
1257 912 66 34 law
1343 912 138 36 schools
1500 924 85 31 may
1604 912 43 35 be
1666 913 104 44 given
1790 925 21 22 a

125 969 179 35 maximum
317 968 112 35 credit
441 968 37 34 of
490 968 52 35 six
554 974 163 37 quarters
729 968 71 36 and
817 968 39 34 18
869 980 140 24 courses
1024 967 85 43 (two
1122 967 132 44 years).
1281 968 92 35 Such
1386 968 113 35 credit
1511 980 84 31 may
1608 973 64 29 not
1684 969 126 34 exceed

125 1024 88 35 three
223 1035 137 23 courses
370 1024 56 34 for
437 1024 86 34 each
536 1029 145 37 quarter
692 1024 37 35 of
740 1024 34 34 la
778 1036 29 21 w
819 1024 119 35 school
951 1024 177 35 residence
1140 1024 195 42 elsewhere,
1349 1025 82 41 and,
1444 1024 36 34 in
1493 1023 112 35 whole
1618 1035 39 22 or
1668 1024 36 34 in
1717 1029 92 39 part,

125 1091 73 31 may
212 1078 41 35 be
266 1079 104 43 given
385 1079 257 44 conditionally
657 1091 39 23 or
710 1091 96 32 upon
822 1080 248 34 examination.
1098 1081 151 34 Courses
1262 1079 56 35 for
1333 1078 113 36 which
1462 1079 112 35 credit
1588 1079 29 35 is
1631 1079 105 43 given
1751 1091 59 23 are

124 1140 56 31 not
195 1134 156 44 assigned
368 1135 136 43 grades,
523 1135 157 35 whether
697 1135 258 36 examinations
971 1147 89 23 were
1078 1135 161 43 required
1256 1135 82 35 here
1355 1147 40 23 or
1411 1140 74 29 not.
1512 1135 76 34 The
1606 1134 149 35 number
1772 1135 37 35 of

121 1202 128 25 courses
265 1190 36 35 of
318 1191 113 34 credit
446 1190 106 43 given
568 1192 56 32 for
639 1190 68 35 law
726 1192 95 33 work
840 1192 108 34 taken
966 1195 40 30 at
1022 1191 103 34 other
1142 1191 138 35 schools
1297 1191 29 34 is
1344 1189 206 37 subtracted
1567 1191 93 34 from
1679 1191 60 33 the
1758 1202 50 23 re­

120 1246 113 44 quired
246 1244 40 36 27
300 1257 150 31 courses,
465 1246 72 34 and
552 1246 60 34 the
624 1247 214 43 graduating
850 1258 149 32 average
1013 1247 36 34 of
1065 1246 42 36 70
1120 1251 97 31 must
1231 1246 43 36 be
1288 1246 169 36 obtained
1469 1246 56 35 for
1540 1247 59 34 the
1614 1246 194 43 remaining

121 1302 136 35 number
268 1303 37 33 of
316 1313 140 24 courses
471 1302 107 34 taken
591 1308 39 29 at
645 1303 71 34 this
729 1303 129 35 school.
885 1303 124 34 Credit
1020 1302 105 43 given
1139 1314 83 32 may
1236 1302 43 35 be
1293 1303 209 35 withdrawn
1515 1303 26 34 if
1556 1303 61 34 the
1630 1301 178 36 student's

120 1359 227 44 performance
365 1358 36 34 in
421 1357 71 35 this
510 1358 84 34 Law
613 1358 127 35 School
759 1359 28 36 is
805 1359 289 43 unsatisfactory.
1120 1359 56 35 No
1193 1359 104 35 credit
1315 1359 72 34 will
1404 1360 37 34 be
1459 1359 95 43 gi'lJen
1564 1359 60 44 for
1642 1358 88 35 work
1749 1361 58 32 not

118 1415 76 35 tlMU
206 1415 38 34 in
256 1415 167 35 residence
437 1419 37 30 at
488 1426 22 22 a
523 1415 65 34 law
601 1416 121 34 school.

174 1471 29 34 A
214 1472 143 34 student
370 1470 77 35 who
460 1470 130 35 desires
604 1476 37 29 to
655 1476 99 29 enter
768 1471 60 34 the
840 1471 83 34 Law
937 1471 126 34 School
1076 1470 85 35 with
1175 1471 184 35 advanced
1373 1471 169 43 standing
1554 1475 97 31 must
1662 1475 144 39 present

118 1538 18 24 a
150 1526 153 45 properly
316 1526 95 35 filled
425 1531 64 30 out
502 1526 219 44 application
736 1527 71 34 and
821 1538 21 23 a
856 1538 93 32 copy
962 1527 36 34 of
1012 1526 55 35 his
1081 1526 183 44 collegiate
1278 1527 71 35 and
1364 1527 66 34 law
1445 1526 120 36 school
1579 1527 132 35 record.
1738 1526 66 35 His

117 1583 177 36 admission
310 1583 73 35 and
401 1582 60 36 the
477 1588 151 30 amount
643 1583 37 35 of
697 1583 112 34 credit
824 1582 104 44 given
943 1582 56 36 for
1015 1582 185 35 advanced
1217 1582 168 45 standing
1401 1582 69 36 will
1488 1582 43 35 be
1547 1582 257 44 conditionally

117 1639 204 35 determined
333 1651 97 32 upon
444 1640 99 34 these
555 1640 98 35 data.
681 1639 102 34 After
796 1638 203 44 registering
1013 1638 35 35 in
1064 1638 60 35 the
1138 1638 126 35 School
1277 1639 44 34 he
1334 1651 85 31 may
1433 1638 43 35 be
1491 1639 162 43 required
1668 1644 37 29 to
1721 1639 82 34 take

117 1706 40 23 an
170 1695 211 43 intelligence
396 1700 71 30 test
481 1696 71 33 and
568 1700 36 29 to
619 1695 91 34 have
725 1706 45 23 an
784 1694 181 35 interview
980 1694 86 34 with
1082 1694 60 35 the
1157 1695 115 34 Dean.
1298 1695 67 35 His
1380 1694 94 43 right
1490 1699 36 30 to
1541 1695 135 34 remain
1690 1694 36 35 in
1742 1694 60 34 the

117 1750 113 36 School
243 1750 91 35 after
348 1751 60 34 the
422 1750 77 36 first
512 1751 98 34 three
623 1755 163 38 quarters
799 1750 36 34 of
849 1750 177 34 residence
1039 1761 85 32 may
1137 1750 139 44 depend
1289 1750 36 34 in
1339 1755 82 38 part
1434 1761 97 32 upon
1545 1750 99 35 these
1657 1750 98 35 data.

130 1860 411 42 REGULATIONS
567 1858 302 43 RELATING
893 1859 83 42 TO
1001 1859 446 42 PROFESSIONAL
1472 1859 313 42 STUDENTS

2135 1772 3 17 i

2117 1794 21 24 ,I

2117 1821 21 23 Ii

2117 1845 21 18 ,I

171 1938 39 35 In
228 1950 156 32 anyone
402 1944 146 39 quarter
568 1939 179 43 first-year
766 1938 165 35 students
951 1949 84 32 may
1055 1942 65 31 not
1140 1938 145 43 register
1304 1938 55 35 for
1380 1949 96 24 more
1498 1938 88 35 than
1607 1939 21 33 3
1649 1949 150 31 courses,

115 2006 57 24 nor
186 1994 98 36 other
300 1996 164 35 students
481 1996 57 34 for
556 2007 95 23 more
670 1995 89 35 than
777 1994 42 42 3!
839 2006 140 24 courses
998 1994 152 35 without
1169 1995 60 34 the
1247 2000 148 30 consent
1413 1994 35 36 of
1469 1994 61 36 the
1547 1996 115 34 Dean.

170 2051 163 34 Students
349 2062 82 32 may
448 2056 64 30 not
529 2051 82 34 take
628 2050 258 35 examinations
904 2048 140 46 (except
1061 2056 36 28 to
1116 2061 140 23 remove
1272 2050 202 35 conditions
1488 2062 40 23 or
1543 2051 56 34 for
1615 2050 185 35 advanced

112 2105 168 45 standing)
296 2107 36 34 in
348 2118 95 23 more
459 2106 89 35 than
566 2105 62 43 10!
644 2117 140 24 courses
798 2106 36 35 of
849 2106 157 35 resident
1020 2106 96 35 work
1131 2106 36 35 in
1182 2117 72 32 any
1270 2106 99 35 three
1383 2106 227 35 consecutive
1624 2111 173 38 quarters.

115 2162 252 36 Examinations
382 2174 96 32 upon
496 2162 61 35 the
573 2162 96 35 work
685 2163 37 34 of
738 2174 21 23 a
774 2163 131 35 former
920 2174 86 31 year
1021 2174 60 23 are
1097 2163 154 35 counted
1267 2174 40 23 as
1323 2163 37 34 of
1378 2163 81 34 that
1474 2173 95 32 year.

168 2218 70 34 The
261 2218 95 34 work
379 2218 37 34 of
441 2218 61 34 the
527 2218 76 35 first
626 2207 86 53 year
735 2217 30 36 is
789 2218 171 44 required.
986 2218 77 34 The
1088 2218 143 34 second-
1256 2218 71 34 and
1353 2218 198 42 third-year
1574 2229 141 24 courses
1738 2229 60 23 are

111 2272 134 37 elective
262 2274 71 34 and
350 2273 88 35 need
456 2278 66 30 not
540 2273 43 36 be
602 2274 108 34 taken
728 2273 36 35 in
782 2285 71 32 any
873 2274 90 35 fixed
981 2274 113 35 order.
1120 2273 36 34 It
1174 2273 127 35 should
1320 2273 44 35 be
1382 2273 120 43 noted,
1522 2274 174 41 however,
1716 2273 81 35 that

112 2339 85 26 some
212 2330 141 35 second-
370 2329 70 35 and
458 2329 198 44 third-year
672 2341 140 23 courses
829 2329 136 43 require
982 2341 66 23 one
1066 2340 39 24 or
1122 2340 96 24 more
1234 2329 103 35 other
1354 2341 140 24 courses
1510 2341 40 23 as
1566 2329 230 44 prerequisite

112 2384 135 36 thereto.

165 2440 50 34 To
233 2440 122 34 obtain
375 2440 112 35 credit
507 2441 136 34 toward
663 2452 22 23 a
705 2440 66 35 law
792 2441 123 42 degree
934 2441 56 34 for
1009 2452 72 32 any
1102 2440 96 35 work
1218 2441 92 34 done
1330 2441 37 34 in
1388 2440 61 35 the
1470 2440 139 42 School,
1630 2441 165 34 students

110 2501 86 30 must
207 2507 79 33 pass
298 2496 60 34 the
371 2496 136 43 regular
522 2496 269 43 examinations,
810 2496 112 35 which
939 2508 60 23 are
1017 2496 49 43 by
1083 2496 141 43 printed
1242 2496 183 43 questions
1443 2501 38 30 to
1499 2496 44 35 be
1559 2497 181 34 answered
1758 2495 36 35 in

110 2552 134 42 writing.
269 2551 268 37 Examinations
550 2552 37 35 in
600 2562 140 25 courses
754 2551 208 45 continuing
975 2563 96 24 more
1085 2552 88 34 than
1186 2564 66 23 one
1265 2558 146 37 quarter
1425 2551 68 35 will
1507 2552 43 34 be
1563 2552 82 35 held
1658 2552 85 43 only
1755 2556 40 30 at

108 2607 54 36 the
176 2606 206 45 completion
397 2608 35 34 of
449 2608 60 34 the
524 2619 132 25 course.
686 2609 56 34 No
757 2607 127 45 special
898 2608 249 35 examinations
1162 2609 71 34 will
1248 2608 36 34 be
1299 2609 105 42 given,
1421 2619 66 23 nor
1501 2607 69 36 will
1584 2613 83 39 part
1682 2608 112 35 credit

108 2663 38 35 be
157 2662 137 37 allowed
306 2664 55 34 for
372 2657 70 49 any
454 2664 251 44 uncompleted
718 2675 131 32 course,
864 2676 39 23 or
913 2664 56 35 for
981 2675 66 24 one
1059 2664 36 34 in
1108 2664 114 35 which
1237 2664 60 34 the
1309 2665 148 34 student
1469 2664 66 35 has
1546 2669 65 30 not
1623 2663 169 35 obtained

106 2729 19 25 I
141 2719 100 43 grade
258 2719 36 34 of
312 2719 44 34 60
373 2719 35 34 in
428 2720 61 34 the
508 2720 249 34 examination.
786 2720 210 35 Conditions
1014 2731 85 31 may
1117 2719 44 35 be
1179 2720 166 34 removed
1364 2731 40 23 or
1422 2720 185 35 advanced
1625 2720 167 42 standing

106 2774 155 36 obtained
278 2779 39 31 at
334 2774 60 36 the
411 2781 84 29 next
512 2775 137 43 regular
665 2775 268 35 examinations.

162 2831 27 34 A
202 2831 144 35 student
361 2831 76 35 who
453 2831 66 35 has
532 2831 72 35 had
620 2830 67 36 but
701 2842 66 24 one
782 2831 240 35 examination
1036 2830 37 35 in
1088 2842 21 23 a
1125 2842 122 24 course
1261 2831 37 34 in
1314 2830 114 36 which
1442 2831 55 35 his
1512 2831 108 43 grade
1634 2830 30 36 is
1680 2830 111 36 below

107 2885 39 36 70
159 2899 78 32 may
251 2887 82 35 take
346 2899 23 24 a
383 2888 127 35 second
527 2887 159 36 examina
692 2887 74 35 tion
781 2887 148 43 therein,
944 2888 71 35 and
1030 2888 56 35 his
1100 2888 129 35 second
1244 2889 108 42 grade
1367 2887 89 36 shall
1472 2887 138 44 replace
1625 2888 61 34 the
1701 2888 87 36 first.

105 2943 27 34 T
135 2955 25 22 ..
162 2955 21 24 o
195 2944 190 35 successive
399 2944 200 35 conditions
614 2944 35 34 in
665 2954 22 24 a
702 2955 121 23 course
837 2955 40 23 or
892 2955 21 23 a
928 2944 110 43 single
1054 2944 107 43 grade
1176 2943 111 35 below
1303 2944 44 33 SO
1362 2944 29 35 is
1408 2944 139 35 treated
1560 2955 41 24 as
1615 2955 22 23 a
1651 2944 138 42 failure,

103 3000 64 35 and
183 3011 43 25 no
242 3000 288 36 re-examination
546 3000 37 35 in
601 2999 82 36 that
699 3010 122 25 course
836 2999 30 35 is
882 2998 147 37 allowed
1047 2998 118 37 unless
1181 2999 30 36 it
1226 2999 30 36 is
1273 2999 147 36 retaken
1437 3000 36 35 in
1490 3000 100 35 class.
1616 3000 173 35 Students

2107 2689 2 6 "
