2200 3447
601 223 126 35 THE
764 223 72 36 LA
849 224 44 35 W
931 224 243 40 SCUOOL.

1694 223 41 35 13

48 341 229 40 government;
288 335 163 45 personal
461 335 144 44 liberty';
618 337 186 33 interstate
814 336 185 44 privileges
1010 336 72 35 and
1094 336 219 35 immunities
1324 336 38 34 of
1374 336 160 42 citizens;
1548 337 185 42 operation

47 383 29 34 of
89 381 200 35 fourteenth
307 381 245 42 amendment;
570 382 69 34 due
656 392 140 33 process
813 381 71 35 and
902 381 103 43 equal
1023 381 199 44 protection
1240 381 37 34 of
1295 380 81 43 law;
1394 381 205 44 procedure,
1618 381 116 44 police

49 437 110 35 power,
179 428 158 33 eminent
355 427 158 41 domain;
533 427 228 43 impairment
780 427 35 33 of
834 431 189 30 contracts.
1050 426 95 42 Hall,
1170 427 103 34 Cases
1293 438 43 22 on
1362 427 266 34 Constitutional
1652 427 82 34 Law

47 472 58 35 and
119 472 222 43 Supplement
358 471 126 44 (part).
512 473 54 41 C.,
584 473 172 41 Autunm,
775 472 128 34 SEARS.

98 528 93 34 *382.
217 527 196 43 (Formerly
424 527 57 43 64)
498 531 270 32 Constitutional
782 531 79 32 Law
872 532 44 31 II.
923 528 63 41 t-
987 528 76 34 The
1073 526 199 45 legislative
1282 528 71 35 and
1365 527 144 43 judicial
1520 527 213 44 interpreta­

49 574 59 35 tion
125 574 34 33 of
177 573 61 34 the
252 574 245 34 Constitution
511 585 39 23 as
563 585 21 23 a
597 585 122 23 source
731 574 36 34 of
780 573 132 34 federal
925 572 269 44 governmental
1206 583 132 33 power;
1357 573 61 34 the
1431 579 234 37 government
1680 574 52 33 in­

49 618 273 36 strumentalities
336 619 174 42 doctrine;
526 619 60 34 the
599 629 194 24 commerce
806 618 116 35 clause
934 629 39 23 as
985 629 20 23 a
1018 623 105 38 grant
1134 618 36 34 of
1182 628 119 33 power
1315 623 35 29 to
1366 619 61 34 the
1439 618 133 35 federal
1584 629 148 32 govern­

50 669 80 29 ment
142 663 70 34 and
225 674 40 24 as
278 675 21 22 a
312 663 192 35 limitation
517 675 47 22 on
578 665 60 33 the
651 674 135 33 powers
799 664 36 33 of
849 664 60 33 the
922 668 122 30 states.
1070 662 95 42 Hall,
1185 663 103 35 Cases
1303 675 43 22 on
1365 664 267 34 Constitutional
1650 664 82 34 Law

47 710 57 34 and
117 709 221 42 Supplement
356 707 125 44 (part).
507 710 79 34 D.M
593 736 23 14 .•
630 709 173 41 Summer,
820 709 93 34 First
927 709 117 41 Term,
1064 709 185 34 GILMORE.
1275 709 54 41 C.,
1347 709 139 44 Spring,
1505 710 122 33 KENT.

94 770 73 29 383.
193 764 197 43 (Formerly
400 764 59 42 67)
473 768 288 32 Admi.nistrative
774 768 91 32 Law.
872 764 357 43 t-Administrative
1238 775 118 33 power
1367 764 72 36 and
1450 765 134 42 action;
1595 765 135 42 orders;

24 848 8 7 .
48 810 185 43 discretion;
250 809 118 35 notice
383 810 72 34 and
471 810 159 43 hearing;
649 811 199 42 examining
864 822 147 32 powers;
1029 821 182 31 summary
1227 810 133 42 action;
1377 810 92 35 form
1487 811 70 34 and
1575 811 102 42 proof
1693 810 37 35 of

48 863 70 27 acts.
143 855 113 35 Relief
271 856 141 43 against
427 855 285 35 administrative
727 856 134 41 action;
877 856 119 34 action
1011 856 139 42 against
1165 855 135 34 officers
1315 855 72 35 and
1402 856 140 42 against
1559 856 61 34 the
1635 866 95 24 com­

48 901 135 42 munity;
200 901 270 42 extraordinary
486 900 90 43 legal
593 900 182 43 remedies;
794 900 177 43 equitable
989 900 110 42 relief;
1117 900 141 44 appeal;
1275 900 287 35 administrative
1576 900 152 43 finality.

49 945 131 42 Freund,
200 946 104 34 Cases
318 958 45 22 on
387 946 282 34 Administrative
689 946 91 34 Law.
807 946 53 41 c.,
876 947 173 40 Autumn,
1065 946 129 34 SEARS.

93 1005 73 32 385.
192 1000 195 44 (Formerly
411 1001 58 42 65)
498 1005 195 38 Municipal
720 1005 257 38 Corporations.
983 1001 246 42 t-Problems
1252 1001 38 35 of
1315 1001 189 35 territorial
1528 1002 200 43 incorpora­

48 1047 72 42 tion;
141 1047 222 42 adjustment
383 1047 38 34 of
443 1052 94 30 state
559 1047 71 34 and
654 1047 90 34 local
765 1058 149 33 powers;
936 1047 267 43 governmental
1225 1047 70 35 and
1318 1048 224 43 proprietary
1564 1047 165 43 capacity

48 1091 170 42 (contract,
233 1097 73 30 tort
319 1092 164 42 liability,
499 1090 215 44 execution);
729 1093 105 34 mode
847 1092 36 34 of
897 1093 132 41 action;
1043 1097 169 39 property
1226 1092 71 35 and
1312 1093 266 42 undertakings,
1594 1092 134 34 includ­

46 1136 46 45 ing
108 1142 133 31 streets.
268 1139 144 42 Macey,
437 1138 104 34 Cases
561 1149 43 23 on
625 1137 202 43 Municipal
852 1138 251 42 Corporations.
1130 1137 105 43 DM.,
1256 1138 173 42 Summer,
1451 1137 137 35 Second
1607 1138 119 41 Term,

46 1183 122 34 ARANT.

92 1244 72 29 389.
190 1237 195 44 (Formerly
401 1237 59 43 68)
480 1241 171 32 Statutes.
658 1237 140 43 t-The
814 1243 135 30 statute
965 1239 107 42 book;
1090 1250 172 32 economy
1277 1239 37 34 of
1330 1238 196 44 legislative
1543 1250 97 32 ways
1655 1239 71 35 and

46 1292 115 33 means:
177 1290 178 29 structure
372 1284 72 34 and
461 1284 185 43 language;
665 1283 104 44 penal
786 1284 210 43 regulation;
1014 1284 82 34 civil
1113 1284 211 44 regulation;
1343 1285 287 34 administrative
1646 1295 82 33 pro­

45 1329 126 42 visions;
192 1330 185 43 operative
398 1329 149 42 clauses;
570 1329 92 43 style
686 1329 262 44 requirements.
975 1329 179 44 Readings
1175 1330 72 34 and
1270 1329 162 44 assigned
1455 1329 188 45 problems.
1671 1330 54 41 C.,

45 1372 118 46 Spring,
180 1374 128 35 SEARS.

92 1437 71 29 390.
189 1430 194 43 (Formerly
397 1429 58 44 73)
473 1433 243 39 Comparative
731 1432 316 35 Law.-Common
1060 1431 71 34 and
1144 1430 82 36 civil
1238 1430 82 43 law;
1333 1431 160 35 national
1506 1430 66 35 law
1585 1431 71 34 and
1668 1432 58 41 jus

44 1477 153 41 I;entium;
210 1476 125 43 equity
348 1476 80 34 and.
434 1477 204 43 praetorian
652 1476 82 42 law;
748 1476 134 43 jurists'
895 1476 66 34 law
976 1476 71 34 and
1061 1475 135 45 judges'
1211 1475 82 43 law;
1306 1476 239 42 codification;
1561 1487 164 23 common

45 1517 51 37 taw
117 1522 66 34 and
205 1521 132 44 special
358 1521 83 43 law;
463 1521 146 44 judicial
631 1521 71 35 and
725 1521 285 35 administrative
1032 1532 131 32 power;
1187 1521 107 35 social
1316 1521 209 44 legislation.
1550 1520 175 43 [Omitted

47 1565 160 43 If)33-34.}
483 1571 6 3 .

91 1628 72 30 391.
189 1625 146 33 Conflict
350 1626 35 31 of
399 1621 213 44 Laws.-(l)
627 1622 245 44 Jurisdiction:
896 1633 138 24 sources
1047 1621 36 36 of
1096 1621 65 35 law
1174 1622 72 35 and
1258 1622 147 43 comity;
1422 1622 188 36 territorial
1623 1622 102 43 juris­

43 1666 130 43 diction;
188 1668 224 43 jurisdiction
427 1669 40 33 in
482 1680 70 22 rem
567 1670 72 33 and
655 1669 38 33 in
711 1674 194 36 personam;
923 1666 49 43 (2)
992 1668 180 42 remedies,
1189 1668 113 43 rights
1317 1669 36 33 of
1369 1669 131 40 action,
1517 1668 72 34 and
1605 1678 119 32 proce­

43 1711 84 44 dure;
142 1712 49 43 (3)
205 1713 158 34 creation
376 1714 38 33 of
428 1713 125 43 rights:
576 1713 163 43 personal
753 1713 125 43 rights;
894 1713 110 43 rights
1017 1713 36 33 of
1066 1718 184 38 property;
1264 1713 234 41 inheritance;
1512 1712 212 44 obligations

43 1758 146 35 trdelicto
201 1759 71 34 and
285 1770 39 23 ex
337 1763 184 37 contractu;
536 1757 51 43 (4)
603 1759 217 43 recognition
833 1758 71 34 and
917 1758 239 34 enforcement
1168 1758 36 33 of
1216 1757 127 44 rights:
1366 1758 163 43 personal
1543 1758 179 41 relations;

42 1809 162 37 nroperty;
222 1803 232 42 inheritance;
473 1804 285 34 administration
777 1804 37 34 of
833 1808 143 37 estates;
994 1803 218 43 judgments;
1231 1803 222 43 obligations.
1479 1803 116 41 Beale,
1621 1803 103 34 Cases

43 1855 34 24 �
94 1848 137 42 Conflict
247 1849 38 43 of
304 1849 99 33 Laws
426 1848 60 41 (2d
506 1847 85 43 ed.),
614 1848 94 35 Vols.
732 1849 19 34 I
772 1848 73 35 and
867 1849 47 33 II.
944 1847 39 42 1!
1005 1849 70 41 Cs.,
1096 1848 161 34 Autumn
1279 1849 71 33 and
1373 1849 137 33 Winter
1535 1847 33 42 (3
1586 1847 138 43 hours),

44 1889 166 38 BIGELOW.

90 1954 70 30 392.
185 1949 193 43 (Formerly
393 1947 58 45 71)
468 1952 254 32 International
737 1951 80 33 Law
831 1961 40 24 as
886 1951 143 39 Applied
1045 1952 45 37 by
1108 1952 165 32 National
1287 1951 71 33 and
1373 1952 258 32 International
1646 1952 77 32 Tri­

43 1992 118 37 bunals.
168 1995 220 41 t-Selected
400 1995 173 34 decisions
585 1995 37 34 of
634 1995 160 34 national
806 2000 130 36 courts,
949 1994 253 35 international
1214 1994 147 35 arbitral
1375 1994 185 42 tribunals,
1575 1995 71 34 and
1662 1994 60 36 the

45 2036 189 38 l'ermanent
246 2041 113 33 Court
370 2040 37 33 of
420 2040 260 34 International
691 2039 134 43 Justice
837 2039 70 35 will
919 2041 43 32 be
973 2040 141 34 studied
1127 2039 86 34 with
1225 2050 21 22 a
1259 2040 87 33 view
1360 2044 36 29 to
1410 2041 236 42 ascertaining
1661 2040 61 34 the

43 2082 48 36 the
100 2094 131 24 sources
241 2084 37 34 of
289 2084 253 35 international
552 2084 78 42 law,
645 2084 59 34 the
715 2084 210 35 limitations
936 2095 95 32 upon
1044 2084 60 34 the
1116 2083 165 44 capacity
1292 2084 36 33 of
1339 2084 194 42 particular
1546 2084 175 35 tribunals

44 2130 29 30 to
92 2129 110 34 utilize
225 2129 110 43 them,
359 2130 73 33 and
455 2130 62 33 the
540 2129 225 35 substantive
788 2129 91 35 rules
903 2129 140 44 applied
1067 2130 36 33 in
1127 2128 134 44 typical
1283 2128 201 35 situations.
1512 2129 207 42 Dickinson,

45 2171 99 45 Cam,
157 2174 70 34 and
240 2174 104 34 other
359 2174 161 44 readings
534 2185 47 23 on
597 2175 61 34 the
674 2174 66 34 law
754 2175 37 35 of
806 2175 154 34 nations.
988 2175 53 40 C.,
1057 2175 169 33 WRIGHT.
1252 2173 175 43 [Omitted
1446 2174 182 42 1933-34.]

89 2235 71 29 393.
184 2233 211 38 Philosophy
409 2234 36 30 of
459 2231 195 34 Law.-An
666 2231 242 34 introduction
924 2236 34 29 to
972 2230 161 42 analyses
1146 2230 35 34 of
1196 2230 60 34 the
1269 2236 127 29 nature
1409 2231 36 34 of
1458 2230 65 34 law
1537 2230 49 44 by
1599 2241 122 25 means

41 2273 28 35 fl(
82 2286 18 23 a
116 2275 172 35 historical
305 2287 130 31 survey
450 2277 38 34 of
503 2275 239 45 philosophies
758 2277 35 33 of
810 2276 67 34 law
893 2276 70 35 and
980 2287 21 23 a
1019 2276 206 42 systematic
1243 2276 195 43 exposition
1455 2276 37 34 of
1510 2275 60 36 the
1586 2276 134 34 axioms

41 2320 56 34 lnd
112 2320 56 35 the
178 2321 201 43 disputable
395 2321 115 35 theses
523 2321 168 35 involved
704 2322 34 33 in
754 2332 72 31 any
840 2321 124 43 theory
977 2322 36 33 of
1027 2321 76 34 law.
1129 2320 77 35 The
1219 2326 156 37 attempt
1389 2320 68 35 will
1471 2321 73 35 also
1559 2321 43 34 be
1616 2321 104 34 made

42 2369 29 27 to
83 2366 97 34 relate
193 2366 60 34 the
265 2367 166 34 different
443 2366 218 44 approaches
673 2366 36 34 in
723 2366 60 35 the
796 2367 109 42 study
918 2366 35 34 of
966 2366 67 33 law
1047 2372 35 28 to
1098 2366 60 34 the
1171 2366 165 35 different
1350 2372 102 37 types
1465 2366 37 34 of
1514 2366 156 43 practice
1683 2366 37 34 of

42 2408 47 36 the
102 2410 58 34 law
173 2411 70 34 and
258 2416 37 29 to
309 2410 190 35 formulate
514 2411 60 35 the
587 2412 97 33 basic
694 2411 216 35 intellectual
926 2411 204 43 techniques
1140 2411 71 34 and
1222 2411 202 42 operations
1438 2412 113 33 which
1566 2416 95 29 must
1676 2411 44 34 be

40 2456 163 42 tmployed
217 2456 37 33 in
270 2455 61 36 the
345 2455 156 35 solution
515 2456 37 33 of
566 2467 72 31 any
653 2455 89 44 legal
756 2456 169 43 problem.
952 2455 292 44 Mimeographed
1260 2456 179 34 materials
1453 2455 71 35 and
1539 2455 180 35 collateral

41 2501 148 43 Ptadings.
216 2501 53 42 C.,
288 2501 138 44 Spring,
444 2501 139 34 ADLER.
609 2501 174 42 [Omitted
795 2500 185 43 J933-34.]

87 2561 70 31 394.
181 2560 104 37 Legal
307 2558 316 39 Sociology.-The
642 2557 217 44 application
879 2558 36 33 of
935 2557 257 36 social-science
1210 2557 159 35 research
1389 2548 171 44 methods'
1573 2563 37 29 to
1630 2556 89 45 legal

40 2602 149 41 .ltwlterial.
215 2603 30 34 A
257 2603 137 34 critical
408 2602 156 43 analysis
578 2603 37 34 of
630 2603 135 35 studies
779 2603 197 34 conducted
992 2603 49 42 by
1055 2602 146 43 lawyers
1215 2604 72 33 and
1301 2603 103 34 other
1419 2603 107 34 social
1540 2603 178 34 scientists

40 2647 170 44 I:lstrictly
225 2647 89 45 legal
330 2658 39 24 or
386 2648 129 35 border
529 2648 71 34 line
614 2648 100 34 fields
730 2649 86 33 such
833 2659 40 24 as
888 2648 203 43 procedure,
1109 2649 118 41 crime,
1247 2647 61 36 the
1325 2648 135 43 family,
1479 2648 237 43 bankruptcy,

39 2697 54 29 ttc.
115 2694 95 42 Open
221 2698 37 29 to
267 2693 144 35 second-
420 2693 73 34 and
504 2693 198 43 third-year
710 2692 65 34 law
786 2693 174 42 students,
970 2693 72 34 and
1052 2693 184 35 advanced
1250 2693 165 35 students
1428 2693 36 35 in
1479 2693 61 35 the
1553 2693 162 35 Division

40 2736 26 35 "-'4
82 2736 53 37 the
149 2737 111 36 Social
275 2738 169 35 Sciences.
472 2738 54 43 C.,
543 2738 148 44 Winter,
709 2739 218 34 SLESINGER.

2108 787 31 33 j'

2096 1020 36 20 '1'

2110 1266 6 31 �
2137 1273 4 20 !

2111 1302 5 16 1
2137 1304 3 5 •

2114 2132 29 27 I;

2113 2164 6 24 �

2113 2194 12 25 �.
2132 2198 10 21 �

2112 2221 22 29 i'

2114 2325 21 20 I'

2112 2347 8 15 "

2113 2369 7 36 i

2115 2412 28 24 I'

2114 2440 6 28 �
2133 2437 10 34 �;

2115 2482 28 14 ".

2115 2502 22 16 ,.

2102 2524 41 36 ,M;

691 2838 167 25 SEMINAR
876 2838 164 26 COURSES

85 2895 105 37 These
205 2907 139 26 courses
361 2907 59 25 are
437 2907 93 34 open
549 2902 36 30 to
605 2896 195 43 third-year
818 2895 163 37 students
994 2896 76 36 and
1089 2901 36 30 to
1144 2896 228 44 second-year
1396 2896 164 36 students
1577 2896 38 35 of
1631 2896 85 45 high

38 2952 90 36 ttlde
142 2953 74 35 who
232 2953 90 36 wish
335 2959 37 30 to
389 2954 46 36 do
451 2942 209 55 specialized
676 2953 96 35 work
788 2952 36 35 in
841 2952 192 45 particular
1047 2952 98 36 fields
1161 2953 37 35 of
1214 2953 77 36 law.

83 3021 76 31 '�ot
171 3024 127 31 credited
312 3025 112 30 toward
437 3034 18 20 a
469 3024 56 30 law
540 3025 102 35 degree
656 3024 23 30 if
692 3024 88 31 taken
795 3024 98 31 before
907 3033 114 22 courses
1035 3027 63 31 221,
1112 3027 64 31 222,
1187 3024 59 29 and
1260 3026 64 27 240.
