2182 3485
612 508 151 51 THE
792 506 180 52 LAW
1001 507 299 52 SCHOOL

486 640 274 41 OFFICERS
786 639 75 42 OF
884 639 540 42 ADMINISTRATION

118 712 147 41 ROBERT
280 718 195 34 MAYNARD
492 719 209 42 HUTCHINS,
719 719 183 34 President
917 718 36 34 of
971 717 60 35 the
1048 718 215 43 University,
1282 719 139 42 Harper
1437 718 189 35 Memorial
1641 718 162 44 Library,

175 774 112 34 Room
303 774 98 34 W11.

117 830 181 35 FREDERIC
319 831 238 42 WOODWARD,
581 830 284 36 Vice-President
885 830 36 35 of
943 829 60 36 the
1024 830 217 43 University,
1267 831 140 43 Harper
1430 830 189 35 Memorial
1642 831 161 43 Library,

175 888 112 34 Room
302 887 99 34 W11.
792 881 2 3 .

118 943 126 34 EMERY
260 943 40 34 T.
317 944 151 40 FILBEY,
486 945 102 32 Dean
605 942 38 35 of
660 944 59 34 the
737 944 185 40 Faculties,
940 943 138 42 Harper
1093 943 187 34 Memorial
1295 942 159 43 Library,
1473 944 115 33 Room
1603 943 99 34 Wl1.

116 999 127 34 .HARRY
257 999 199 34 AUGUSTUS
473 1000 188 41 BIGELOW,
678 1000 103 33 Dean
797 1000 36 33 of
849 999 60 34 the
923 998 84 34 Law
1023 999 135 42 School,
1175 1000 84 33 Law
1276 998 175 44 Building,
1469 998 111 35 Third
1597 998 112 35 Floor.

116 1056 150 34 ARTHUR
285 1055 158 34 HAROLD
465 1056 121 41 KENT,
608 1056 183 41 Secretary
811 1056 35 33 of
868 1055 60 34 the
947 1055 84 34 Law
1052 1055 136 42 School,
1211 1055 103 34 Dean
1334 1055 36 34 of
1391 1055 311 43 Pre-professional
1723 1055 80 34 Stu-

173 1111 111 42 dents,
301 1111 85 34 Law
403 1111 176 43 Building,
596 1111 111 35 Third
725 1111 111 34 Floor.

116 1167 247 35 McKENDREE
380 1168 233 34 LLEWELLYN
631 1167 146 43 RANEY,
795 1167 164 35 Director
975 1167 36 34 of
1028 1166 208 44 University
1250 1167 187 43 Libraries,
1456 1168 140 42 Harper
1612 1166 189 35 Memorial

170 1223 155 42 Library,
343 1224 140 42 Harper
500 1222 98 35 M27.

118 1279 75 35 Roy
208 1279 131 34 WHITE
357 1279 157 42 BIXLER,
533 1279 164 34 Director
713 1279 36 35 of
766 1279 228 42 Admissions,
1014 1278 101 35 Cobb
1132 1279 149 34 Lecture
1297 1279 94 42 Hall,
1410 1280 116 33 Room
1546 1279 73 34 106.

117 1336 164 34 WILLIAM
296 1335 99 43 JOHN
414 1336 179 41 MATHER,
612 1335 142 43 Bursar,
773 1336 101 35 Press
891 1335 174 42 Building,
1085 1336 114 34 Room
1221 1336 72 34 100.

425 1385 43 52 -,

470 1439 20 16 "
550 1446 273 42 OFFICERS
849 1447 75 41 OF
947 1447 416 41 INSTRUCTION

117 1526 125 34 HARRY
259 1525 199 34 AUGUSTUS
475 1525 189 43 BIGELOW,
683 1525 99 42 A.B.,
799 1525 127 42 LL.B.,
944 1525 94 43 John
1056 1525 38 34 P.
1112 1524 134 36 Wilson
1264 1526 178 34 Professor
1457 1526 36 34 of
1509 1525 95 34 Law.

117 1581 147 35 GEORGE
283 1581 175 35 GLEASON
476 1582 163 43 BOGERT,
658 1582 98 43 A.B.,
774 1581 127 43 LL.B.,
920 1582 178 34 Professor
1113 1582 37 33 of
1166 1581 94 42 Law,

118 1638 162 34 WILLIAM
295 1638 146 34 LESTER
459 1640 213 39 EAGLETON,
691 1639 90 41 S.B.,
799 1639 94 42 J.D.,
912 1638 179 34 Professor
1106 1638 37 34 of
1158 1638 85 34 Law
1246 1665 20 6 ..

117 1694 65 33 ED,
179 1703 20 23 ....
202 1704 70 23 ARD
287 1695 156 33 VhLC(JX
460 1694 164 42 HINTON,
642 1695 127 40 LL.B.,
787 1694 132 42 LL.D.,
936 1695 120 41 James
1073 1694 131 34 Parker
1219 1694 83 33 Hall
1319 1694 181 35 Professor
1515 1694 36 34 of
1567 1694 95 34 Law.

116 1750 149 34 ARTHUR
280 1749 157 35 HAROLD
454 1750 121 43 KENT,
593 1751 103 41 A.B.,
713 1750 94 43 J.D.,
827 1750 178 35 Professor
1020 1750 36 34 of
1071 1749 95 35 Law.

119 1806 116 34 ERNST
249 1807 176 33 WILFRED
443 1807 273 41 PUTTKAMMER,
735 1807 98 40 A.B.,
851 1807 94 42 J.D.,
964 1806 179 34 Professor
1159 1807 36 33 of
1211 1807 94 33 Law.

120 1862 176 34 KENNETH
314 1862 204 35 CRADDOCK
535 1863 128 42 SEARS,
681 1863 99 41 A.B.,
797 1862 95 43 J.D.,
911 1862 179 34 Professor
1106 1862 42 34 of
1158 1862 95 34 Law.

118 1918 149 34 DONALD
284 1919 218 41 SLESINGER,
519 1919 99 41 A.B.,
637 1919 179 34 Professor
832 1919 35 33 of
883 1919 94 34 Law.

117 1972 164 37 CHARLES
297 1975 122 34 OSCAR
437 1975 193 42 GREGORY,
649 1975 98 41 A.B.,
765 1975 127 41 LL.B.,
913 1974 181 35 Associate
1113 1975 178 33 Professor
1307 1976 36 33 of
1359 1975 94 33 Law.

116 2029 146 35 WILBER
279 2030 41 35 G.
339 2031 114 41 KATZ,
471 2031 99 41 A.B.,
587 2031 128 41 LL.B.,
734 2031 130 41 S.J.D.,
882 2029 182 36 Associate
1081 2031 179 34 Professor
1275 2032 36 33 of
1327 2032 94 33 Law.

118 2085 178 35 MALCOLM
311 2087 160 44 PITMAN.
477 2087 133 41 SHARP,
628 2087 113 41 A.M.,
757 2087 128 41 LL.B.,
903 2087 130 42 S.J.D.,
1051 2086 151 43 Visiting
1217 2087 182 34 Associate
1415 2086 178 34 Professor
1608 2086 37 33 of
1659 2086 95 34 Law.

116 2140 165 36 SHELDON
297 2141 133 43 TEFFT,
447 2142 129 42 LL.B.,
595 2142 140 42 B.C.L.,
754 2142 111 42 M.A.,
884 2142 180 35 Associate
1081 2142 179 35 Professor
1277 2142 35 34 of
1327 2142 96 34 Law.

117 2262 127 35 HENRY
261 2264 149 34 PORTER
427 2264 218 42 CHA]\"DLER,
665 2265 98 41 A.B.,
780 2265 97 42 J.D.,
893 2265 167 33 Lecturer
1075 2276 45 22 on
1137 2264 107 43 Legal
1261 2264 133 34 Ethics.

118 2318 38 35 R.
173 2319 121 35 ALLAN
311 2320 202 41 STEPHENS,
533 2320 98 42 A.B.,
648 2320 127 41 LL.B.,
794 2321 166 34 Lecturer
976 2331 45 23 on
1038 2321 85 34 Law
1141 2320 159 35 Practice
1317 2319 35 35 in
1370 2319 145 35 Illinois.

116 2373 70 36 LEo
203 2376 188 42 DIAMOND,
409 2376 99 41 A.B.,
527 2377 95 42 J.D.,
639 2377 168 34 Lecturer
822 2388 46 23 on
886 2376 74 34 Tax
977 2377 158 34 Practice
1152 2376 71 34 and
1241 2377 205 34 Procedure.

117 2430 123 36 ROGER
255 2432 142 42 WiuTE,
415 2432 99 42 A.B.,
531 2433 95 42 J.D.,
643 2433 168 34 Lecturer
827 2444 45 22 on
890 2432 152 35 Probate
1060 2433 158 34 Practice
1234 2433 72 34 and
1324 2433 205 34 Procedure.

177 2532 229 35 OFFICERS
431 2532 61 35 OF
516 2533 339 35 INSTRUCTION
878 2534 57 33 IN
959 2533 168 33 OTHER
1152 2533 371 34 DEPARTMENTS
1548 2533 60 35 OF
1632 2533 101 35 THE

414 2588 303 35 UNIVERSITY
742 2588 176 36 GIVING
942 2588 340 36 INSTRUCTION
1304 2589 58 34 IN
1386 2589 100 33 THE

790 2644 108 35 LAW
922 2645 215 35 SCHOOL.

118 2720 138 36 t-:REST
271 2723 162 34 WATSON
449 2722 184 42 BURGESS,
652 2723 129 42 PH.D.,
800 2723 179 35 Professor
995 2723 35 34 of
1048 2723 192 44 Sociology.

118 2777 233 35 FU-COOPER
368 2779 113 41 COLE,
499 2779 129 41 PH.D.,
647 2778 118 42 Sc.D.,
784 2779 179 34 Professor
979 2779 36 34 of
1032 2779 278 42 Anthropology.

117 2832 162 36 WILLIAM
294 2834 163 34 EDWARD
476 2834 121 42 DODD,
616 2834 130 42 PH.D.,
763 2834 133 43 LL.D.,
915 2835 151 34 Andrew
1084 2835 169 35 Mcl.eish
1272 2836 269 43 Distinguished
1560 2837 138 36 Service
1717 2839 82 34 Pro

171 2890 105 35 fessor
291 2890 36 35 of
343 2890 186 35 American
546 2891 158 42 History.

118 2943 196 38 MORnfER
329 2947 150 42 JEROME
499 2948 139 41 ADLER,
661 2947 129 41 PH.D.,
812 2946 181 35 Associate
1013 2947 180 35 Professor
1211 2948 38 34 of
1269 2948 216 45 Philosophy
1504 2950 37 34 of
1561 2950 97 35 Law.

118 3000 169 37 UnBERT
304 3003 169 43 BLUMER,
492 3003 128 42 PH.D.,
638 3003 181 34 Associate
836 2995 179 43 Professor
1030 3004 36 34 of
1084 3003 193 44 Sociology.

942 3069 16 33 1

2120 2959 3 4 ,
2140 2953 6 21 J

1936 3232 22 17 e;
