2057 3466
279 248 41 34 16

650 249 121 35 THE
811 248 382 36 UNIVERSITY
1232 249 69 35 OF
1341 238 274 47 CHICAGO

685 373 121 40 THE
831 373 261 41 SUMMER
1115 373 305 49 QUARTER,
1448 373 119 42 1934

985 464 283 35 TENTATIVE

333 543 78 35 The
424 543 161 34 Summer
596 543 152 43 Quarter
759 543 121 43 begins
891 544 92 42 June
998 543 40 33 18
1050 542 72 35 and
1134 543 87 34 ends
1232 543 139 43 August
1383 543 167 42 24,1934.
1576 542 77 34 The
1666 542 93 35 First
1770 542 105 34 Term
1887 540 83 37 ends

273 598 85 45 July
373 600 56 42 20;
446 599 61 35 the
523 599 135 35 Second
673 600 107 34 Term
794 599 122 44 begins
929 598 85 45 July
1030 600 53 33 23.
1111 598 151 36 Courses
1277 600 65 33 220
1356 600 72 34 and
1443 600 63 33 222
1523 610 59 24 are
1597 599 189 44 beginning
1797 582 186 59 first-year'

274 656 106 34 work.

971 722 141 36 FIRST
1135 723 142 34 TERM

334 784 78 30 220.
438 783 241 31 Introduction
696 786 35 29 to
749 779 181 36 Law.-C.

334 842 78 28 222.
438 837 181 34 Torts.-2
639 837 72 42 Cs.,
729 837 194 34 GREGORY.

333 897 77 29 321.
438 895 84 31 Bills
540 896 71 31 and
632 892 213 41 Notes.-l!
865 893 71 42 Cs.,
955 894 273 33 PUTTKAMMER.

333 954 78 29 322.
437 949 274 43 Insurance.-l
730 949 39 34 C.

333 1010 77 29 331.
437 1009 174 30 Business
628 1008 103 31 Units
748 1004 179 44 I.-DM.,
946 1004 115 34 KATZ.

333 1067 76 29 343.
436 1065 131 31 Future
585 1062 324 34 Interests.-DM.

333 1123 77 29 360.
437 1117 279 43 Evidence.-1!
735 1119 59 34 Cs.

332 1179 77 29 364.
438 1177 165 31 Criminal
621 1173 280 44 Procedure.-l
919 1174 54 42 C.,
991 1175 274 34 PUTTKAMMER.

941 1298 195 36 SECOND
1161 1298 143 35 TERM

333 1382 77 30 220.
435 1380 242 32 Introduction
694 1383 36 29 to
748 1379 79 33 Law
847 1376 347 44 (continued).-See
1212 1378 93 35 First
1320 1377 117 35 Term.

331 1439 77 29 222.
434 1437 103 31 Torts
556 1433 348 43 (continued).-See
922 1434 93 35 First
1030 1434 117 34 Term.

330 1495 77 29 321.
434 1493 85 31 Bills
537 1494 69 31 and
627 1493 113 31 Notes
760 1490 346 43 (continued).-See
1124 1490 93 35 First
1232 1491 117 34 Term.

330 1552 78 29 322.
433 1550 192 31 Insurance
647 1547 205 42 (continued
856 1546 137 37 l-+See
1011 1547 92 35 First
1120 1547 117 35 Term.
1256 1537 23 4 -

330 1608 77 29 360.
435 1606 176 31 Evidence
632 1603 347 43 (continued).-See
997 1602 92 36 First
1105 1603 119 34 Term.

328 1664 77 30 361.
432 1660 322 41 Practice.-DM.,
771 1660 165 35 HINTON.

330 1722 77 29 364.
436 1719 166 31 Criminal
621 1719 198 31 Procedure
840 1715 347 43 (continued).-See
1204 1717 93 35 First
1313 1717 118 33 Term.

330 1777 77 30 373.
433 1776 123 30 Public
575 1775 119 37 Utility
712 1773 395 42 Regulations.-DM.,
1126 1772 114 34 KATZ.

330 1829 177 35 Seminars
519 1830 55 33 for
587 1828 62 35 the
663 1828 161 34 Summer
837 1829 163 42 Quarter,
1018 1829 97 42 1934,
1129 1828 69 35 will
1211 1828 139 35 include
1364 1828 189 43 Evidence,
1568 1829 202 42 Insurance,
1784 1828 71 34 and
1866 1827 99 35 other

268 1886 157 43 subjects
442 1891 37 28 to
498 1885 43 34 be
558 1885 210 34 announced
785 1884 102 35 later.

752 2031 275 41 GENERAL
1050 2031 440 42 INFORMATION

889 2109 272 35 MEMORIAL
1186 2110 163 35 FUNDS

326 2189 95 33 John
441 2188 40 34 P.
505 2189 133 34 Wilson
658 2188 253 43 Professorship
930 2189 38 41 of
987 2188 212 34 Law.-Mr.
1219 2188 94 43 John
1333 2189 38 32 P.
1391 2187 145 41 Wilson,
1555 2188 64 42 Jr.,
1638 2199 22 22 a
1679 2188 156 33 member
1851 2187 36 35 of
1905 2186 57 35 the

269 2244 155 44 Chicago
442 2244 81 42 Bar,
542 2244 71 34 and
631 2244 89 34 Mrs.
739 2244 104 34 Anna
860 2243 53 35 W.
934 2244 195 35 Dickinson
1145 2243 37 34 in
1203 2244 83 34 1929
1305 2243 213 35 established
1535 2255 21 22 a
1574 2249 94 29 trust
1683 2243 90 36 fund
1791 2249 36 28 to
1845 2243 117 35 endow

266 2311 21 23 a
298 2300 102 35 chair
411 2300 38 34 of
461 2300 68 34 law
545 2306 36 29 to
596 2301 43 34 be
653 2300 149 34 entitled
818 2300 100 35 "The
931 2300 93 43 John
1040 2301 38 34 P.
1094 2299 134 35 Wilson
1243 2300 258 42 Professorship
1515 2300 36 34 of
1564 2299 121 43 Law,"
1700 2311 39 23 as
1752 2310 21 23 a
1787 2298 175 36 memorial

267 2362 38 28 to
322 2356 92 35 their
429 2357 129 41 father,
575 2357 72 33 Mr.
664 2356 95 45 John
776 2357 39 33 P.
833 2356 146 43 Wilson,
996 2356 77 34 who
1091 2367 71 24 was
1177 2356 55 35 for
1247 2367 109 31 many
1371 2367 103 32 years
1489 2367 46 23 an
1552 2356 158 34 eminent
1725 2356 155 35 member
1894 2355 67 35 and

266 2412 118 35 leader
400 2413 37 34 of
454 2412 61 36 the
533 2413 156 43 Chicago
706 2414 82 33 Bar.

326 2470 119 34 James
471 2469 130 35 Nelson
623 2470 187 42 Raymond,
821 2468 184 36 Memorial
1026 2469 249 35 Fund.-Mrs.
1296 2469 104 34 Anna
1418 2469 39 34 L.
1479 2469 191 42 Raymond
1688 2469 37 34 in
1748 2469 83 34 1929
1849 2468 111 35 estab

264 2525 112 35 lished
390 2536 21 23 a
426 2530 94 30 trust
531 2525 90 36 fund
635 2531 37 29 to
686 2526 44 33 be
744 2526 128 34 known
889 2537 39 24 as
943 2525 100 35 "The
1054 2526 120 43 James
1187 2525 133 35 Nelson
1335 2525 189 43 Raymond
1537 2525 191 34 Memorial
1742 2524 135 43 Fund,"
1891 2536 38 24 as
1939 2535 21 23 a

266 2581 182 35 memorial
467 2587 36 28 to
521 2581 63 34 her
600 2582 176 42 husband,
789 2584 120 42 James
928 2581 132 35 Nelson
1079 2582 202 43 Raymond,
1295 2582 54 34 for
1367 2593 107 31 many
1491 2592 102 32 years
1610 2591 67 25 one
1695 2582 37 34 of
1750 2582 60 34 the
1827 2581 132 43 leading

266 2638 282 35 manufacturers
561 2638 36 34 of
612 2638 166 43 Chicago.
804 2639 76 34 The
894 2639 137 34 income
1044 2638 93 34 from
1151 2638 72 35 this
1234 2637 90 36 fund
1338 2639 28 34 is
1380 2638 85 35 used
1479 2638 54 35 for
1547 2638 61 35 the
1619 2638 175 44 purchase
1806 2638 35 34 of
1855 2638 105 35 books

263 2695 55 34 for
336 2695 60 34 the
413 2695 208 42 University
636 2695 38 33 of
692 2695 154 43 Chicago
864 2695 84 34 Law
964 2694 160 44 Library.

326 2751 148 35 Wallace
497 2751 176 35 Heckman
693 2751 184 35 Memorial
899 2751 248 35 Fund.-Mrs.
1165 2750 155 35 Wallace
1343 2752 187 33 Heckman
1548 2751 36 34 in
1607 2752 85 33 1929
1711 2751 210 35 established
1938 2761 20 23 a

265 2812 92 30 trust
366 2807 90 35 fund
469 2813 36 29 to
517 2808 43 34 be
571 2807 127 35 known
709 2818 40 24 as
761 2808 100 34 "The
871 2807 154 34 Wallace
1036 2807 187 34 Heckman
1233 2807 189 35 Memorial
1433 2807 138 42 Fund,"
1581 2818 41 23 as
1631 2817 22 23 a
1663 2807 180 34 memorial
1856 2812 35 29 to
1901 2806 57 35 her

262 2864 175 43 husband,
454 2864 71 34 Mr.
542 2864 154 35 Wallace
712 2864 197 42 Heckman,
927 2864 60 35 the
1002 2864 167 34 Business
1184 2864 174 42 Manager
1372 2863 36 35 of
1423 2863 61 35 the
1498 2863 206 44 University
1717 2864 92 34 from
1826 2863 81 35 1903
1922 2869 35 28 to

267 2921 95 35 1924.
389 2920 76 35 The
477 2920 137 35 income
626 2921 93 34 from
732 2920 61 35 the
806 2920 89 36 fund
908 2920 29 36 is
950 2916 85 40 used
1048 2919 55 35 for
1120 2919 61 36 the
1196 2920 173 44 purchase
1385 2920 37 35 of
1438 2920 111 35 books
1564 2920 55 35 for
1633 2919 61 36 the
1711 2920 200 43 University
1922 2919 34 35 of

265 2978 156 43 Chicago
438 2977 84 35 Law
538 2977 160 44 Library.
