2151 3444
307 223 23 35 8

682 223 120 35 THE
842 223 379 35 UNIVERSITY
1261 223 69 35 OF
1371 223 298 46 CHICAGO.

307 335 124 44 failing
444 341 37 29 to
496 335 83 36 take
594 336 60 34 the
667 335 138 44 regular
818 335 239 35 examination
1071 341 39 29 at
1123 336 61 34 the
1197 336 69 35 end
1279 335 37 36 of
1329 347 71 31 any
1412 347 122 24 course
1547 336 70 34 will
1630 340 65 31 not
1708 334 43 36 be
1763 335 191 45 permitted
1968 341 35 29 to

309 392 83 35 take
411 403 21 23 a
452 392 91 34 later
563 385 238 42 examination
821 403 40 24 or
880 392 126 35 obtain
1027 393 112 34 credit
1158 393 36 34 in
1215 393 87 35 such
1323 403 121 24 course
1465 392 161 35 without"
1636 392 163 44 retaking
1817 392 62 35 the
1899 403 105 32 same,

307 461 84 23 save
406 460 96 32 upon
520 449 141 34 written
675 449 153 43 petition
845 454 37 29 to
900 449 61 34 the
977 449 104 34 Dean
1097 449 158 44 showing
1271 449 219 44 exceptional
1505 460 117 31 cause,
1638 449 88 35 such
1740 448 154 45 petition
1909 454 37 30 to
1961 448 44 36 be

307 505 81 35 filed
404 505 125 34 within
547 510 60 29 ten
623 506 89 43 days
727 506 93 34 after
837 505 61 34 the
914 506 84 33 date
1014 504 37 35 of
1066 505 87 34 such
1170 504 250 36 examination.

370 561 270 35 Examinations
659 566 36 30 to
714 572 141 23 remove
873 560 200 40 conditions
1091 572 39 22 or
1147 561 90 34 raise
1254 561 136 42 grades,
1408 572 41 23 or
1467 566 36 29 to
1522 560 123 35 obtain
1664 572 21 24 a
1702 561 108 43 grade
1826 560 101 35 when
1946 560 58 35 the

307 617 148 33 student
469 627 71 23 was
555 616 128 35 absent
696 618 92 33 from
804 616 61 34 the
880 616 137 43 regular
1033 616 249 42 examination,
1300 621 96 29 must
1412 616 43 34 be
1472 616 107 34 taken
1594 616 125 34 within
1734 627 68 23 one
1815 626 86 32 year
1913 616 90 34 from

308 672 61 34 the
382 671 148 43 original
544 672 240 34 examination
798 677 124 38 except
936 671 113 35 where
1063 683 46 23 no
1124 671 240 35 examination
1378 672 36 34 in
1430 672 61 34 the
1504 683 123 23 course
1640 671 30 36 is
1683 671 104 44 given
1801 670 125 36 within
1938 682 66 24 one

306 739 94 31 year.

369 783 154 42 Regular
540 783 216 35 attendance
774 788 39 29 at
831 782 89 36 class
939 783 167 34 exercises
1115 782 37 36 is
1171 782 161 44 required
1350 793 40 24 as
1407 794 22 23 a
1447 782 182 35 condition
1647 783 37 35 of
1702 782 175 45 receiving
1894 782 110 35 credit

304 839 56 35 for
377 839 97 35 work
492 839 102 42 done,
614 829 72 44 and.
705 839 60 34 the
783 839 167 43 privilege
969 839 35 35 of
1024 837 238 45 membership
1279 838 37 35 in
1336 839 60 34 the
1415 838 126 35 School
1559 851 85 31 may
1662 839 45 34 be
1724 839 208 35 withdrawn
1948 839 54 35 for

306 895 279 42 unsatisfactory
601 894 95 35 work
713 906 40 23 or
768 881 226 49 attendanc�.

368 951 58 34 No
446 950 232 43 professional
699 952 123 41 degree
844 950 69 35 will
934 949 44 35 be
999 950 182 35 conferred
1201 961 97 32 upon
1318 961 72 31 any
1411 950 147 34 student
1578 950 186 43 markedly
1783 950 164 35 deficient
1965 949 36 36 in

306 1006 156 42 English,
483 1006 71 34 and
573 1017 46 23 no
639 1006 148 34 student
805 1017 85 32 may
908 1005 134 35 receive
1060 1005 89 35 both
1168 1017 22 23 a
1208 1004 78 35 first
1304 1005 180 35 academic
1502 1005 124 43 degree
1644 1006 73 34 and
1736 1017 21 23 a
1775 1005 227 44 professional

305 1061 123 43 degree
441 1061 36 35 in
493 1062 60 34 the
567 1073 96 23 same
675 1065 158 39 quarter.

746 1167 266 41 COURSES
1039 1167 75 41 OF
1138 1165 420 43 INSTRUCTION

795 1244 474 35 PRE-PROFESSIONAL
1294 1244 215 35 COURSES

366 1309 77 35 The
459 1310 79 33 unit
550 1309 38 35 of
603 1310 215 36 instruction
830 1310 29 34 is
873 1309 61 36 the
948 1310 181 35 "Course"
1150 1309 75 45 (C).
1250 1309 77 36 The
1344 1309 309 45 pre-professional
1665 1321 140 24 courses
1817 1315 95 30 meet
1922 1310 78 35 four

303 1377 39 23 or
355 1366 68 35 five
437 1366 103 35 times
552 1378 21 22 a
587 1367 106 34 week.
719 1367 237 35 Information
972 1378 39 24 as
1029 1371 37 30 to
1085 1366 97 35 these
1194 1377 141 25 courses
1355 1368 70 34 and
1446 1367 61 34 the
1527 1366 243 44 organization
1789 1366 38 35 of
1845 1366 61 35 the
1925 1378 73 33 pre­

303 1422 229 43 professional
553 1423 96 34 work
669 1434 83 32 may
773 1422 42 36 be
835 1423 168 35 obtained
1021 1423 92 34 from
1134 1423 60 35 the
1207 1424 103 34 Dean
1325 1423 36 35 of
1377 1422 313 45 Pre-professional
1705 1423 172 35 Students
1890 1422 36 35 in
1940 1423 58 34 the

302 1478 84 34 Law
402 1478 136 35 School.

363 1559 79 32 Lew
460 1562 76 29 210.
563 1559 214 39 Accounting
794 1560 35 31 in
847 1560 79 32 Law
939 1557 398 35 Practicc.v-Jntendcd
1354 1557 182 44 primarily
1554 1563 37 29 to
1608 1557 171 44 acquaint
1797 1557 60 34 the
1871 1555 125 44 lawyer

303 1601 84 35 with
404 1603 211 42 accounting
632 1602 182 35 valuation
831 1603 71 34 and
920 1602 60 36 the
996 1602 271 43 interpretation
1284 1602 36 35 of
1336 1603 212 43 accounting
1563 1603 97 34 data.
1687 1603 36 34 It
1739 1602 122 44 begins
1877 1602 83 35 with
1975 1611 22 25 a

302 1647 100 42 brief,
417 1648 175 34 intensive
606 1648 109 42 study
729 1648 37 35 of
780 1647 246 35 fundamental
1041 1648 210 43 accounting
1265 1647 198 44 principles.
1490 1648 221 43 Accounting
1725 1648 185 42 presented
1925 1659 37 24 as
1975 1658 22 24 a

301 1693 129 42 special
446 1693 72 34 tool
533 1693 55 34 for
605 1693 59 34 the
679 1693 130 43 lawyer
823 1693 35 34 in
876 1692 138 44 dealing
1030 1693 83 33 with
1130 1693 158 34 business
1303 1693 190 43 problems;
1510 1693 60 35 the
1584 1693 212 43 accounting
1812 1693 185 34 situations

302 1737 150 36 selected
466 1738 92 34 from
573 1738 101 34 those
688 1743 93 29 most
795 1738 201 43 frequently
1010 1743 74 29 met
1098 1739 35 32 in
1147 1738 90 42 legal
1250 1739 165 42 practice.
1443 1738 157 35 Graham
1615 1739 71 34 and
1702 1739 108 41 Katz,
1834 1739 163 34 Account­

303 1783 57 42 ing
375 1784 39 33 in
435 1784 82 33 Law
537 1784 162 34 Practice.
727 1784 52 41 C.,
795 1784 149 41 Winter,
965 1784 119 40 10:00,
1103 1783 192 34 GRAHAM.l

363 1841 78 32 Law
456 1845 76 28 211.
559 1842 102 37 Logic
675 1843 69 30 and
759 1839 536 43 Argumentation.-Language
1307 1850 38 24 as
1359 1850 46 23 an
1420 1839 215 35 instrument
1649 1839 36 35 of
1701 1825 132 57 precise
1847 1839 149 35 intellec­

278 1900 3 2 .
302 1883 75 35 tual
393 1885 243 41 formulation;
654 1884 240 35 construction
911 1885 69 34 and
998 1884 165 34 criticism
1181 1885 37 32 of
1234 1884 210 37 definitions.
1463 1890 215 38 arguments,
1697 1885 162 41 theories,
1877 1885 118 42 analy­

302 1940 63 23 ses.
384 1930 189 34 Wherever
583 1929 152 44 possible
745 1929 89 45 legal
845 1929 160 34 material
1016 1929 68 35 will
1096 1929 43 34 be
1150 1930 85 33 used
1247 1941 39 23 as
1298 1929 186 44 examples.
1504 1930 53 41 C.,
1571 1930 138 43 Spring,
1723 1931 41 33 12
1774 1931 71 40 :00,
1858 1930 135 34 ADLER.

363 1988 78 32 Law
459 1991 76 29 212.
562 1990 79 29 Law
657 1989 37 30 in
711 1988 60 31 the
789 1988 218 32 Intellectual
1026 1988 142 36 History
1188 1989 34 30 of
1240 1988 165 31 Western
1424 1985 273 41 Europe.-The
1715 1985 71 35 role
1802 1985 114 35 which
1929 1985 65 34 law

300 2030 101 42 plays
413 2032 35 33 in
463 2031 60 34 the
535 2030 216 35 intellectual
762 2031 138 42 history
911 2031 36 33 of
960 2031 160 34 Western
1133 2031 154 42 Europe;
1302 2031 60 33 the
1374 2030 175 43 changing
1561 2031 227 42 conceptions
1800 2031 37 33 of
1849 2030 66 34 law
1926 2030 67 34 and

300 2075 89 43 legal
401 2075 223 35 institutions
637 2076 36 33 in
688 2075 60 34 the
762 2075 106 34 wider
881 2075 149 34 cultural
1045 2080 142 29 context
1199 2076 36 33 of
1251 2076 60 33 the
1323 2075 137 43 history
1474 2075 35 34 of
1522 2075 224 43 philosophy,
1762 2076 60 34 the
1835 2075 158 41 sciences,

300 2120 71 34 and
385 2126 83 29 arts.
497 2120 208 35 Conducted
719 2120 49 41 by
780 2120 149 35 lectures
942 2121 69 34 and
1026 2120 169 42 readings.
1222 2120 76 35 One
1311 2119 131 35 lecture
1455 2131 21 22 a
1491 2120 106 41 week,
1610 2131 93 32 open
1717 2126 37 28 to
1767 2131 73 31 any
1852 2121 143 34 student

300 2165 35 34 in
355 2165 60 34 the
432 2166 85 34 Law
536 2165 139 42 School;
693 2175 67 24 one
777 2166 151 34 seminar
945 2177 21 22 a
985 2166 105 40 week,
1109 2165 155 43 meeting
1280 2165 37 33 in
1337 2165 60 34 the
1415 2164 159 43 evening,
1591 2175 92 33 open
1701 2164 84 43 only
1804 2170 36 29 to
1859 2175 21 24 a
1897 2164 97 35 small

299 2221 111 32 group
427 2211 36 33 of
477 2211 177 41 first-year
670 2221 80 22 men
765 2210 191 44 permitted
974 2216 36 28 to
1028 2211 145 42 register
1186 2210 56 34 for
1258 2210 61 34 the
1335 2213 131 31 course.
1491 2209 81 34 Will
1589 2210 43 34 be
1647 2210 199 34 conducted
1862 2210 48 42 by
1926 2215 67 30 two

300 2266 39 23 or
356 2266 98 24 more
473 2255 173 34 members
665 2255 37 33 of
722 2254 60 36 the
800 2256 82 34 Law
905 2255 104 34 Facul
1015 2261 50 36 ty,
1085 2255 71 34 and
1175 2255 68 34 will
1263 2255 131 34 consist
1412 2255 37 34 of
1467 2254 165 35 informal
1650 2255 214 35 discussions
1874 2254 43 35 .of
1936 2254 57 35 the

300 2301 171 42 readings.
497 2301 172 41 Autumn,
683 2300 147 43 Winter,
844 2301 137 43 Spring,
994 2300 106 34 hours
1114 2305 36 30 to
1163 2300 44 35 be
1220 2300 183 43 arranged,
1417 2301 129 33 ADLER
1560 2310 75 24 AND
1651 2300 195 34 MDIBERS
1861 2309 46 25 OF
1923 2309 70 26 THE

299 2346 90 33 LAW
405 2347 186 33 FACULTY.
928 2351 3 3 .

358 2402 146 39 History
516 2403 269 38 264.-English
798 2404 101 37 Legal
914 2403 69 33 and
997 2403 270 32 Constitutional
1280 2400 371 43 History.-Autumn,
1666 2401 37 33 11
1715 2401 72 42 :00,
1799 2402 192 33 KNAPPEN.

359 2461 257 37 Anthropology
634 2463 75 28 201.
737 2459 152 33 General
906 2460 239 32 Introduction
1163 2463 34 28 to
1215 2456 370 43 Anthropology.-(l)
1607 2457 111 35 Fossil
1734 2469 98 30 man;
1851 2455 50 44 (2)
1917 2468 75 33 pre­

298 2503 385 43 history-paleolithic
698 2504 71 33 and
784 2503 166 34 neolithic
965 2502 167 42 cultures;
1152 2501 50 43 (3)
1221 2503 60 34 the
1297 2513 220 33 appearance
1531 2503 37 34 of
1584 2502 145 34 modern
1744 2514 111 30 races;
1875 2501 49 43 (4)
1942 2513 50 24 ra­

297 2548 67 34 cial
387 2548 277 41 classifications;
692 2545 50 43 (5)
768 2548 176 43 problems
968 2548 36 33 of
1029 2558 214 31 race-race,
1268 2547 227 44 nationality,
1520 2547 184 44 language,
1730 2559 78 23 race
1832 2547 158 41 mixture,

298 2593 134 34 mental
449 2594 218 41 differences;
690 2590 51 43 (6)
761 2593 136 43 growth
916 2593 70 34 and
1005 2593 125 42 spread
1149 2593 37 34 of
1204 2592 143 44 religion
1365 2594 72 33 and
1456 2592 150 43 culture;
1628 2591 51 43 (7)
1700 2592 66 35 rise
1784 2593 37 34 of
1838 2591 153 45 political

298 2638 234 42 institutions;
550 2637 50 42 (8)
616 2637 213 35 civilization
843 2638 36 34 in
893 2638 121 34 native
1028 2638 172 34 America.
1226 2639 172 41 Summer,
1414 2638 121 42 10:00,
1552 2638 116 42 COLE;
1683 2638 172 43 Autumn,
1873 2638 116 41 10:00,

297 2684 207 41 REDFIELD;
523 2683 136 43 Spring,
680 2682 119 43 10:00,
820 2683 111 35 COLE.

358 2742 207 31 Economics
584 2744 77 29 201.
686 2742 75 31 The
784 2742 192 32 Divisional
998 2743 131 31 Course
1148 2742 37 31 in
1204 2740 301 34 Economics.-A
1523 2751 130 32 survey
1670 2739 37 35 of
1723 2740 96 43 price
1836 2739 70 35 and
1924 2739 67 35 dis­

298 2785 185 42 tribution,
503 2790 196 37 monetary,
717 2785 70 34 and
804 2785 96 42 cycle
917 2786 135 41 theory,
1070 2785 192 43 developed
1279 2785 128 43 chiefly
1424 2785 152 44 through
1595 2785 60 35 the
1671 2796 61 24 use
1747 2786 38 33 of
1800 2797 21 22 a
1838 2784 102 36 series
1953 2783 36 35 of

296 2830 187 44 problems.
510 2830 248 43 Prerequisite:
775 2830 111 35 Social
904 2830 139 35 Science
1060 2831 16 33 I
1093 2830 71 35 and
1181 2831 36 34 II
1234 2841 40 23 or
1289 2831 214 43 equivalent,
1520 2841 40 23 or
1575 2835 148 30 consent
1738 2831 37 34 of
1789 2831 198 34 instructor.

298 2876 172 42 Summer,
491 2876 120 41 10:00,
631 2876 155 42 SIMONS;
805 2876 172 42 Autumn,
995 2876 101 41 9:00,
1116 2876 127 43 KYRK;
1261 2876 149 43 Winter,
1429 2876 100 42 9:00,
1549 2876 144 42 MINTS;
1713 2876 137 44 Spring,
1871 2875 118 41 10:00,

297 2921 155 43 SIMONS;
472 2921 37 34 11
521 2921 71 42 :00,
610 2920 208 36 DIRECTOR.
1723 2920 3 3 .

359 3004 8 14 I
380 2998 170 29 Economics
566 2999 51 26 210
632 3006 33 20 or
679 2997 136 29 Business
830 3000 62 31 no,
908 2997 92 33 which
1015 3005 47 20 are
1075 3005 115 24 courses
1203 2996 29 29 in
1248 2998 173 34 accounting
1436 2996 70 29 with
1520 3007 17 19 a
1552 2997 159 29 somewhat
1725 2998 134 28 different
1872 2999 116 26 content

296 3042 77 24 ma.y,
386 3033 69 28 with
469 3033 49 28 the
530 3036 120 24 consent
662 3032 30 28 of
705 3032 50 28 the
767 3033 84 28 Dean
863 3033 30 28 of
905 3031 255 35 Pre-professional
1172 3030 148 35 Students,
1333 3031 35 28 be
1380 3032 88 28 taken
1479 3032 29 27 in
1521 3031 80 34 place
1613 3032 30 28 of
1654 3030 68 29 Law
1735 3033 63 27 210.
