2106 3501
382 253 43 34 14

753 252 122 34 THE
914 252 381 36 UNIVERSITY
1334 251 70 36 OF
1443 250 276 36 CHICAGO

442 367 163 32 Seminar
627 367 37 31 in
689 365 338 34 Trusts.-Current
1049 363 151 35 difficult
1222 363 177 45 problems
1422 363 37 35 in
1485 363 61 36 the
1569 362 287 37 administration
1879 362 38 36 of
1939 375 134 32 express

381 414 111 30 trusts
507 410 85 34 such
608 420 39 24 as
661 409 248 36 distributions
923 410 36 34 of
975 420 148 32 expense
1138 409 71 35 and
1224 410 138 34 income
1377 410 157 34 between
1550 409 195 35 successive
1760 409 244 43 beneficiaries;
2018 421 54 24 ac·

379 455 170 44 counting
566 455 156 42 practice
738 456 36 34 in
794 460 92 30 trust
904 454 302 43 administration;
1225 454 111 44 rights
1355 455 140 44 against
1512 454 95 36 third
1624 455 133 43 parties
1773 455 249 44 participating
2036 455 34 36 in

380 500 166 35 breaches
560 501 36 33 of
612 506 103 29 trust.
743 502 118 40 Cases,
877 505 165 37 statutes,
1058 500 71 34 and
1145 500 159 35 business
1318 501 185 43 practices.
1528 500 19 41 !
1565 501 54 42 C.,
1635 501 172 41 Summer,
1822 501 161 34 BOGERT.

442 558 163 32 Seminar
626 559 36 31 in
686 557 406 40 Reorganization.-An
1114 556 176 34 intensive
1313 557 110 42 study
1444 556 37 34 of
1504 567 95 24 some
1620 556 38 35 of
1681 556 62 35 the
1765 567 95 24 more
1882 557 190 43 important

380 600 177 43 problems
567 602 37 33 in
616 601 278 44 reorganization
906 600 234 35 necessitated
1153 601 48 43 by
1213 601 137 35 default
1360 601 35 35 in
1408 601 293 44 mortgage-bond
1712 602 119 35 issues.
1857 602 101 34 Most
1967 602 36 34 of
2014 601 57 36 the

381 646 113 43 topics
507 647 205 34 considered
726 646 68 35 will
810 647 83 34 bear
906 657 96 33 upon
1018 645 61 35 the
1093 645 209 45 underlying
1315 646 159 44 problem
1488 647 36 34 of
1540 647 60 36 the
1613 647 156 44 position
1784 647 36 34 of
1834 646 63 35 the
1910 646 160 44 minority

380 691 229 35 bondholder.
636 691 19 42 !
673 693 67 41 M.,
759 693 171 41 Summer,
949 692 93 34 First
1058 692 118 42 Term,
1195 692 113 34 KATZ.

441 751 162 31 Seminar
623 751 35 31 in
682 751 186 37 Corporate
892 750 184 32 Problems
1097 751 35 31 of
1153 751 59 31 the
1238 748 306 41 Depression.-A
1563 748 261 35 consideration
1845 748 37 35 of
1902 746 168 46 problems

378 793 86 34 such
486 804 39 25 as
546 794 60 34 the
626 793 190 43 following:
841 794 167 34 deflation
1030 793 37 34 of
1086 792 131 44 capital
1237 798 208 34 structures;
1466 793 169 35 deflation
1655 794 37 33 of
1711 799 96 29 asset
1826 793 134 42 values;
1980 793 89 35 bank

379 838 251 35 stockholders'
648 838 166 44 liability;
827 839 194 34 avoidance
1038 838 37 34 of
1091 838 122 43 leases;
1228 838 60 35 the
1306 838 197 43 "friendly"
1517 838 244 44 receivership.
1786 838 18 45 !
1823 839 69 42 M.,
1906 839 163 42 Summer,

379 884 136 34 Second
531 885 118 41 Term,
667 885 113 33 KATZ.

441 943 162 31 Seminar
621 943 36 31 in
677 943 116 31 Torts:
821 942 153 32 Modern
994 942 222 32 Tendencies
1237 942 38 31 in
1296 943 59 31 the
1376 941 80 33 Law
1476 942 35 32 of
1533 939 350 41 Negligence.-The
1902 940 100 34 trend
2021 944 49 30 to­

379 986 96 33 ward
490 997 22 21 a
526 985 172 35 balanced
714 985 229 35 distribution
959 985 36 33 of
1011 984 70 35 loss
1095 985 36 33 in
1147 984 200 44 negligence
1361 995 108 31 cases,
1485 985 206 43 procedural
1707 984 72 36 and
1793 984 277 36 administrative

378 1036 139 37 aspects
533 1031 36 33 of
585 1030 254 41 contribution,
856 1030 138 34 devices
1010 1030 249 43 apportioning
1276 1029 261 44 responsibility
1552 1030 188 44 according
1757 1036 36 29 to
1810 1029 192 44 respective
2015 1030 55 34 de­

377 1086 98 32 grees
492 1076 36 34 of
546 1076 214 43 negligence;
781 1075 60 34 the
859 1076 173 34 influence
1049 1075 37 34 of
1104 1074 106 35 social
1228 1076 135 42 change
1380 1086 46 22 on
1446 1074 205 35 traditional
1670 1076 92 34 rules
1778 1075 36 35 of
1832 1074 238 44 contributory

378 1120 198 44 negligence
592 1121 72 34 and
681 1121 174 34 vicarious
871 1120 163 43 liability.
1061 1120 19 41 t
1100 1120 54 42 C.,
1173 1121 171 41 Summer,
1364 1120 191 34 GREGORY.

440 1179 162 32 Seminar
615 1180 37 30 in
666 1179 139 32 Vendor
819 1180 70 31 and
905 1177 285 34 Purchaser.-A
1204 1176 260 35 consideration
1477 1176 37 34 of
1526 1175 178 44 problems
1717 1175 235 36 encountered
1964 1176 35 35 in
2012 1176 57 35 the

377 1222 218 42 negotiation
609 1222 70 34 and
692 1221 214 44 completion
920 1222 36 34 of
969 1222 90 34 sales
1071 1222 37 33 of
1122 1220 88 36 Real
1223 1223 186 41 Property;
1424 1222 87 34 such
1523 1232 39 23 as
1574 1221 192 34 formation
1778 1221 37 34 of
1829 1221 63 34 the
1902 1226 165 37 contract,

378 1267 153 35 brokers'
544 1267 252 42 commissions,
810 1266 160 36 vendors'
985 1267 78 35 title
1075 1266 177 45 including
1264 1267 176 34 abstracts
1452 1267 36 34 of
1500 1266 88 42 title,
1604 1265 77 35 title
1691 1266 196 42 insurance,
1900 1266 68 35 and
1980 1277 88 24 com­

376 1311 134 43 pletion
527 1311 36 35 of
580 1311 61 35 the
657 1317 171 30 contract.
855 1311 18 43 !
893 1312 54 42 C.,
955 1312 182 42 Autumn,
1154 1312 134 34 TEFFT.

439 1371 162 31 Seminar
615 1371 36 30 in
670 1371 157 31 Descent
842 1371 70 32 and
932 1371 127 31 Dower
1074 1369 239 39 Rights.--An
1329 1367 175 36 intensive
1519 1368 108 42 study
1641 1367 37 35 of
1694 1367 62 36 the
1771 1367 177 36 tentative
1960 1367 108 37 drafts

375 1413 37 33 of
430 1413 61 34 the
506 1413 173 43 proposed
696 1414 154 34 uniform
865 1419 155 30 statutes
1035 1425 45 22 on
1098 1414 155 34 Descent
1268 1414 71 34 and
1357 1414 128 34 Dower
1501 1413 138 44 Rights.
1664 1413 32 34 A
1710 1413 221 43 comparison
1948 1412 64 36 will
2026 1413 42 35 be

377 1459 103 34 made
493 1459 156 34 between
664 1459 98 34 these
776 1459 196 43 provisions
985 1459 70 34 and
1070 1458 60 35 the
1142 1458 197 43 provisions
1351 1459 36 34 of
1400 1459 62 35 the
1476 1459 184 35 Canadian
1673 1458 163 35 Uniform
1849 1458 141 35 Statute
2001 1458 65 36 and

375 1503 74 34 also
466 1503 62 35 the
543 1509 154 29 statutes
712 1504 36 34 of
766 1504 60 35 the
843 1503 141 36 various
999 1509 123 37 states,
1138 1504 37 34 of
1192 1504 175 44 England,
1383 1505 72 34 and
1470 1505 37 34 of
1522 1514 97 25 some
1634 1503 37 35 of
1688 1503 62 35 the
1766 1504 186 43 European
1968 1514 98 25 coun­

377 1549 93 35 tries.
498 1548 18 42 !
537 1550 53 42 C.,
610 1549 149 43 Winter,
779 1551 213 33 EAGLETON.

438 1608 161 31 Seminar
615 1609 35 30 in
667 1605 345 42 Pleading.-Study
1027 1605 38 35 of
1081 1604 128 44 special
1225 1605 176 43 problems
1416 1606 37 34 in
1468 1604 175 45 pleading,
1659 1604 180 45 including
1854 1604 123 45 logical
1991 1616 74 25 con­

375 1651 161 43 ceptions
550 1651 166 34 involved
731 1651 36 34 in
784 1651 60 35 the
858 1656 194 29 statement
1066 1651 37 34 of
1117 1661 122 24 causes
1253 1651 36 34 of
1304 1651 137 35 actions
1456 1651 71 35 and
1541 1650 171 35 defenses.
1738 1650 267 44 Investigation,
2019 1662 47 23 re­

374 1702 111 37 ports,
504 1697 71 33 and
591 1696 165 34 informal
774 1696 206 35 discussion.
1008 1697 100 42 Open
1128 1701 36 29 to
1182 1707 22 22 a
1221 1695 136 36 limited
1374 1697 151 34 number
1540 1696 37 34 of
1595 1696 165 35 students
1778 1696 77 34 who
1872 1696 91 34 have
1978 1707 87 23 com­

375 1741 118 44 pleted
510 1752 140 24 courses
666 1742 65 33 220
748 1742 71 34 and
836 1742 77 34 260.
939 1741 19 41 1
977 1741 41 35 C.
1044 1742 160 33 Autumn
1220 1742 70 34 and
1306 1742 76 34 first
1397 1741 76 35 half
1488 1741 36 34 of
1541 1741 147 42 Winter,
1706 1742 165 41 Hrxrcx,
1889 1742 134 34 ADLER.

437 1800 161 32 Seminar
613 1800 36 31 in
667 1801 229 37 Corporation
912 1797 319 35 Law.-Intensive
1246 1798 109 42 study
1370 1797 37 35 of
1421 1797 177 44 problems
1611 1797 37 35 in
1665 1797 62 35 the
1742 1802 183 38 statutory
1938 1785 128 47 control

375 1843 36 34 of
427 1843 251 43 corporations;
696 1842 210 44 principally
921 1842 36 34 in
974 1842 208 35 connection
1198 1843 85 33 with
1301 1842 62 35 the
1379 1842 177 44 Proposed
1573 1842 167 35 Business
1756 1842 231 44 Corporation
2003 1843 63 34 Act

374 1888 54 34 for
445 1888 143 34 Illinois.
614 1888 137 34 Winter
764 1888 74 34 and
852 1888 76 35 first
944 1887 75 35 half
1034 1888 37 33 of
1089 1887 135 44 Spring.
1250 1888 115 42 KATZ,
1383 1888 133 34 SHARP.

437 1947 161 31 Seminar
617 1947 36 31 in
675 1945 300 42 Trusts.-Study
995 1943 37 35 of
1052 1943 129 44 special
1201 1944 177 42 problems
1397 1944 37 34 in
1456 1944 238 35 enforcement
1714 1943 38 35 of
1772 1943 113 44 rights
1905 1943 36 35 of
1960 1943 103 36 cestui

374 1990 139 42 against
527 1995 133 29 trustee
673 1989 71 34 and
758 1990 95 34 third
866 2000 155 32 persons,
1037 1989 60 34 the
1110 1988 141 44 barring
1263 1989 37 34 of
1313 1989 240 42 beneficiary's
1565 1989 180 41 remedies,
1759 1990 71 34 and
1844 1988 218 36 termination

374 2035 36 33 of
425 2035 61 34 the
500 2040 103 29 trust.
629 2035 99 41 Open
742 2034 84 43 only
841 2040 36 29 to
891 2033 137 36 limited
1042 2033 149 36 number
1203 2034 37 34 of
1253 2034 165 35 students
1431 2034 78 34 who
1522 2034 92 34 have
1627 2034 71 34 had
1714 2035 62 33 the
1787 2033 102 35 usual
1903 2045 117 24 course
2030 2034 32 34 in

374 2080 136 34 Trusts.
537 2079 190 44 Readings,
743 2079 222 43 discussions,
981 2080 70 33 and
1066 2079 62 35 the
1140 2079 227 44 preparation
1381 2079 37 34 of
1432 2085 145 38 reports.
1604 2078 19 42 !
1640 2080 55 41 C.,
1710 2079 138 44 Spring,
1862 2080 160 34 BOGERT.

1096 2180 253 35 LECTURES

435 2261 79 33 Law
540 2262 156 32 Practice
719 2263 36 30 in
775 2259 278 35 Illinois.-Two
1076 2259 150 35 lectures
1249 2258 51 44 by
1323 2260 71 33 Mr.
1421 2260 43 33 R.
1491 2258 103 35 Allan
1614 2258 187 44 Stephens,
1822 2259 100 42 A.B.,
1942 2259 120 41 LL.B.,

375 2305 164 34 Member
555 2306 36 33 of
611 2304 61 35 the
691 2304 133 35 Illinois
842 2306 82 33 Bar.
950 2305 184 42 Secretary
1151 2304 36 35 of
1203 2304 61 35 the
1281 2304 134 35 Illinois
1431 2305 101 34 State
1550 2305 71 33 Bar
1636 2304 234 36 Association.
1897 2305 163 34 Autumn.

434 2364 169 31 Taxation
617 2363 155 32 Practice
784 2364 69 32 and
868 2364 196 31 Procedure
1076 2364 36 30 in
1124 2363 96 32 Cook
1233 2360 253 41 County.-Six
1496 2360 148 35 lectures
1654 2360 48 43 by
1712 2361 72 33 Mr.
1795 2360 72 35 Leo
1879 2360 180 42 Diamond,

374 2406 99 42 A.B.,
489 2406 83 42 J.D.
598 2406 164 35 Member
777 2406 36 35 of
830 2405 60 36 the
906 2406 134 35 Illinois
1057 2406 80 35 Bar.
1164 2405 107 36 Office
1287 2406 37 34 of
1342 2406 59 35 the
1426 2405 99 35 Cook
1550 2406 144 41 County
1711 2406 189 35 Assessors.
1921 2406 139 35 Winter.

435 2465 151 31 Probate
613 2460 157 36 Practice
795 2465 68 31 and
890 2464 198 32 Procedure
1114 2465 35 31 in
1175 2464 96 32 Cook
1298 2462 289 40 County.-Four
1610 2461 151 36 lectures
1783 2463 48 41 by
1855 2463 72 33 Mr.
1952 2463 107 42 Roger

362 2506 141 42 'White,
521 2508 101 41 A.B.,
637 2507 96 43 J.D.,
752 2507 163 34 Member
930 2507 37 34 of
984 2506 61 35 the
1062 2506 133 35 Illinois
1212 2508 80 32 Bar.
1319 2506 137 45 Spring.

435 2565 102 36 Legal
561 2566 130 31 Ethics.
717 2565 74 33 The
817 2566 140 32 Canons
980 2566 35 31 of
1038 2565 103 38 Legal
1165 2566 132 31 Ethics:
1322 2566 236 32 Professional
1583 2565 197 33 Standards
1802 2566 70 32 and
1897 2565 162 38 Conduct;

377 2611 95 36 Duty
486 2614 33 28 to
536 2611 125 32 Client.
687 2608 175 43 Required
878 2609 36 35 of
927 2608 45 34 all
986 2609 175 35 students.
1188 2609 57 34 Six
1260 2609 151 35 lectures
1423 2609 49 43 by
1485 2610 73 33 Mr.
1572 2610 124 42 Henry
1710 2610 39 33 P.
1764 2607 189 44 Chandler,
1965 2609 93 42 A.B.,

372 2653 96 43 J.D.,
484 2653 165 35 Member
663 2653 37 35 of
718 2654 61 34 the
794 2653 136 35 Illinois
945 2654 82 34 Bar.
1054 2653 136 45 Spring.

632 2753 271 36 ADVANCED
928 2753 148 35 WORK
1101 2754 96 35 FOR
1220 2753 246 36 MEMBERS
1491 2754 60 35 OF
1574 2754 103 34 THE
1704 2753 99 35 BAR

432 2830 159 36 Seminar
603 2840 138 26 courses
753 2830 139 44 dealing
905 2831 85 35 with
1002 2831 177 43 problems
1190 2831 36 35 of
1238 2831 148 35 interest
1398 2836 37 30 to
1448 2831 194 44 practicing
1654 2830 147 45 lawyers
1812 2842 60 24 are
1882 2831 102 43 given
1994 2842 60 26 one

372 2887 149 44 evening
537 2898 62 32 per
615 2887 95 35 week
727 2892 39 30 at
783 2886 61 36 the
861 2887 205 43 University
1084 2888 149 43 College,
1254 2888 39 33 18
1311 2888 113 35 South
1441 2887 183 44 Michigan
1640 2878 171 45 Avenue:

432 2943 77 35 The
522 2943 155 44 subjects
689 2943 55 35 for
760 2943 152 35 1933-34
923 2954 59 24 are
995 2954 39 24 as
1045 2947 62 39 yet
1119 2942 195 36 undecided
1328 2954 106 34 upon.
1461 2944 33 34 If
1508 2943 60 35 the
1580 2954 76 23 new
1669 2943 159 35 Practice
1840 2943 70 35 Act
1921 2943 69 36 and
2002 2943 53 37 the

372 3010 75 25 new
462 2999 166 36 Business
646 2999 233 45 Corporation
896 3000 68 34 Act
979 3000 145 34 become
1140 2999 65 35 law
1219 2998 86 45 they
1319 2999 67 35 will
1403 3000 44 35 be
1463 2999 60 36 the
1539 3000 139 43 subject
1694 3005 131 30 matter
1837 2999 37 36 of
1891 2999 60 36 the
1965 3000 91 36 semi­

360 3095 3 4 .
372 3067 92 26 nars.
490 3056 33 36 If
540 3055 85 44 they
640 3055 46 36 do
703 3061 64 30 not
782 3056 143 35 become
941 3055 66 35 law
1022 3054 103 36 other
1140 3055 156 43 subjects
1311 3054 68 36 will
1395 3054 45 36 be
1456 3055 106 35 taken
1579 3066 60 33 up.
