2074 3435
350 239 43 35 20

724 240 121 34 THE
885 231 381 44 UNIVERSITY
1304 240 71 35 OF
1414 240 273 35 CHICAGO

410 353 78 35 The
505 351 208 45 University
728 352 65 36 has
810 364 21 22 a
848 352 136 34 limited
1001 352 150 35 number
1168 352 36 34 of
1222 358 222 38 apartments
1459 352 55 35 for
1530 352 115 35 rental
1662 358 37 29 to
1716 352 152 35 married
1885 353 156 36 students

348 409 170 43 studying
540 409 55 34 for
618 408 122 43 higher
763 410 153 41 degrees.
941 408 116 35 These
1081 413 224 38 apartments
1328 419 58 23 are
1408 408 181 35 furnished
1614 408 85 34 with
1722 408 61 34 the
1805 407 183 44 exception
2008 409 32 34 of

348 464 165 44 bedding,
538 464 95 34 table
655 464 107 42 linen,
787 464 114 42 silver,
925 465 71 33 and
1018 463 167 35 curtains.
1211 464 77 34 The
1310 465 149 33 number
1481 464 37 34 of
1540 475 116 23 rooms
1678 463 36 35 in
1736 464 87 34 each
1844 468 196 39 apartment

348 531 124 32 ranges
489 521 93 34 from
602 520 97 34 three
719 525 37 29 to
776 520 61 42 six,
858 521 70 34 and
948 520 61 34 the
1027 519 132 35 rentals
1176 519 92 35 from
1292 519 125 39 $45.00
1436 525 35 30 to
1495 518 126 39 $57.50
1638 531 22 22 a
1678 519 136 35 month.
1839 519 78 34 The
1933 519 106 34 rental

348 581 95 30 rates
458 576 140 35 include
615 577 62 34 the
693 576 126 42 charge
834 576 56 34 for
905 588 63 32 gas
984 575 227 36 and.electric
1227 582 153 36 current,
1398 577 69 34 and
1483 576 56 34 for
1553 575 140 36 electric
1709 575 252 44 refrigeration.

411 633 227 44 Application
650 633 54 34 for
717 633 99 33 these
830 638 223 38 apartments
1066 632 194 43 indicating
1276 632 61 34 the
1349 632 149 35 number
1510 632 37 35 in
1560 633 61 34 the
1632 632 126 44 family
1770 631 69 35 and
1854 632 61 34 the
1926 631 111 44 period

346 689 56 35 for
415 689 113 35 which
541 690 62 34 the
616 694 206 39 apartment
834 689 29 35 is
877 690 141 34 wanted
1032 688 126 46 should
1172 688 43 35 be
1228 689 104 34 made
1347 694 37 30 to
1398 689 60 35 the
1471 690 142 42 Bursar,
1628 690 100 33 Press
1742 688 177 44 Building,
1931 688 106 36 Room

352 746 75 34 100.

410 802 259 35 International
686 803 133 40 House,
838 801 61 35 the
913 813 78 23 new
1007 802 105 34 home
1126 801 55 34 for
1196 801 134 44 foreign
1347 802 176 42 students,
1538 801 105 44 given
1660 806 37 30 to
1714 802 61 34 the
1790 801 203 43 University
2006 802 31 34 of

349 858 154 44 Chicago
524 859 49 42 by
593 859 94 42 John
708 860 46 33 D.
778 858 232 41 Rockefeller,
1031 859 62 41 Jr.,
1115 858 70 34 will
1204 859 267 35 accommodate
1492 859 187 34 American
1699 870 39 23 as
1757 858 78 35 well
1854 869 39 23 as
1904 849 137 52 'foreign'

347 916 175 34 students.
547 916 79 33 The
640 926 115 24 rooms
769 926 105 32 range
889 915 93 34 from
1003 915 126 37 $48.00
1147 920 36 28 to
1207 914 126 38 $73.00
1350 927 21 22 a
1388 920 155 38 quarter,
1562 915 71 34 and
1649 915 93 34 from
1764 915 103 38 $5.00
1885 919 38 30 to
1944 913 93 40 $7.50

345 983 63 32 per
424 972 109 34 week.
560 972 116 34 Board
694 983 167 31 averages
877 983 22 22 a
914 971 112 35 dollar
1042 983 21 22 a
1079 971 82 43 day.
1187 971 228 45 Application
1432 971 125 35 should
1571 971 43 34 be
1627 972 103 33 made
1744 976 37 29 to
1796 972 61 34 the
1869 972 168 34 Director

411 1028 30 34 6.
472 1029 188 33 Estimated
671 1028 295 43 expenses.-The
977 1027 178 43 following
1168 1028 96 34 table
1275 1028 97 43 gives
1384 1039 45 23 an
1441 1027 164 34 estimate
1616 1027 36 35 of
1665 1027 60 35 the
1737 1028 131 34 annual
1880 1025 158 46 expenses

346 1084 55 34 for
417 1084 96 34 three
528 1089 162 39 quarters
707 1083 198 44 (thirty-six
921 1082 127 43 weeks)
1066 1084 38 33 of
1119 1095 21 22 a
1155 1084 147 35 student
1316 1084 36 34 in
1368 1085 60 33 the
1442 1084 85 34 Law
1541 1084 126 34 School
1682 1084 151 43 residing
1847 1083 122 35 within
1984 1083 52 35 the

346 1140 245 44 quadrangles.
617 1141 77 34 The
707 1152 168 32 expenses
888 1141 37 34 of
938 1152 22 23 a
975 1141 160 34 Summer
1148 1141 153 42 Quarter
1314 1152 59 22 are
1388 1141 111 33 about
1512 1140 178 34 one-third
1704 1140 36 35 of
1755 1140 98 35 these
1866 1145 168 30 amounts.

406 1578 110 28 .Tot!!!.
531 1601 25 5 ..
571 1602 41 6 ",
626 1602 23 5 ..
663 1601 4 6 ,
1175 1601 5 4 .

1274 1342 127 30 $375.00

1295 1377 106 26 120.00

1292 1411 109 27 225.00

1309 1445 91 25 36.00

1310 1478 90 26 25.00

1308 1513 92 26 45.00

1303 1273 69 29 Low

1560 1274 129 34 Average

1851 1273 113 29 Liberal

1541 1341 18 31 $

1597 1342 107 27 375.00

1826 1342 17 30 $

1881 1341 105 28 375.00

1599 1376 105 28 168.00

1880 1377 106 26 360.00

1596 1410 107 27 246.00

1880 1410 105 27 345.00

1615 1443 88 27 75.00

1882 1444 103 26 140.00

1615 1478 88 26 75.00

1883 1478 102 26 120.00

1598 1512 105 26 105.00

1882 1512 103 27 165.00

1538 1578 164 33 $1,044.00

1824 1578 161 33 $1,515.00

346 1341 137 28 Tuition*
1177 1364 5 5 .

347 1376 77 26 Rent
438 1375 57 28 and
508 1385 65 18 care
586 1376 32 28 of
629 1385 81 19 room
1177 1398 4 5 .

347 1410 94 27 Board
1176 1431 5 5 .

345 1443 137 32 Laundry
495 1444 58 27 and
566 1444 130 33 pressing
1175 1465 6 5 .

345 1476 167 29 Textbooks
525 1478 57 28 and
596 1477 127 34 supplies
1175 1499 5 5 .

346 1511 178 28 Incidentals
1175 1533 5 5 .

1271 1578 128 31 $826.00

407 1679 16 19 *
434 1680 55 27 For
502 1689 17 19 a
532 1680 121 28 student
663 1680 88 34 doing
763 1679 254 35 pre-professional
1029 1679 78 28 work
1121 1679 48 28 the
1183 1679 105 29 tuition
1300 1679 96 29 would
1408 1678 36 29 be
1455 1679 101 31 $75.00
1567 1679 56 29 less
1634 1679 43 29 for
1690 1679 80 28 three
1781 1683 140 31 quarters.

1050 1770 289 35 PRIVILEGES

407 1850 171 35 Students
598 1850 36 34 in
655 1849 61 35 the
736 1850 84 34 Law
842 1849 125 36 School
988 1861 59 22 are
1067 1849 149 35 entitled
1239 1855 36 30 to
1297 1850 60 34 the
1377 1849 185 44 privileges
1582 1850 36 34 of
1640 1849 60 35 the
1720 1842 206 50 University
1944 1861 87 33 upon

344 1907 61 34 the
424 1918 96 23 same
540 1911 107 30 terms
666 1917 39 24 as
723 1907 102 34 other
845 1906 174 42 students,
1040 1906 179 43 including
1240 1907 60 33 the
1319 1918 61 23 use
1399 1906 35 34 of
1455 1906 60 34 the
1535 1907 117 33 Frank
1671 1905 196 36 Dickinson
1886 1906 146 34 Bartlett

344 1962 246 44 Gymnasium,
620 1962 61 35 the
708 1963 182 43 Reynolds
919 1963 213 41 Clubhouse,
1163 1962 60 34 the
1249 1962 305 44 swimming-pool,
1583 1963 70 33 and
1680 1963 62 34 the
1768 1962 116 35 tennis
1910 1968 121 36 courts,

343 2019 148 35 medical
506 2018 238 35 examination
760 2019 70 34 and
846 2019 123 34 advice
983 2019 92 34 from
1090 2018 61 35 the
1165 2018 207 43 University
1385 2019 196 44 physician,
1597 2020 70 34 and
1683 2018 191 36 admission
1889 2023 36 30 to
1939 2019 92 34 other

343 2087 140 23 courses
499 2075 36 33 in
553 2074 60 34 the
630 2074 218 44 University.

965 2131 177 35 PUBLIC
1168 2131 262 34 SPEAKING-

404 2210 77 34 The
507 2209 207 45 University
741 2221 139 24 courses
905 2209 37 35 in
967 2209 122 45 public
1115 2209 170 44 speaking
1311 2210 71 35 and
1409 2210 142 51 debate.
1564 2221 59 23 are
1641 2221 99 33 open
1765 2209 151 36 without
1940 2215 91 29 extra

314 2285 3 10 ,
341 2265 127 44 charge
486 2271 36 30 to
539 2266 165 35 students
721 2266 36 35 of
775 2266 61 35 the
852 2267 84 34 Law
954 2266 136 35 School.

825 2368 129 34 CARE
977 2368 62 34 OF
1065 2367 266 36 STUDENTS'
1358 2368 201 34 HEALTH

402 2447 77 34 The
502 2446 207 44 University
734 2447 104 34 offers
861 2446 121 35 health
1005 2446 131 35 service
1158 2447 55 34 for
1235 2447 165 35 students
1423 2446 187 44 registered
1633 2458 46 23 on
1704 2447 60 34 the
1785 2446 241 44 Quadrangles.

340 2503 77 35 The
432 2503 142 41 service,
591 2508 124 39 except
730 2508 167 30 entrance
912 2502 249 43 examination,
1178 2503 28 34 is
1220 2508 65 30 not
1299 2504 174 34 extended
1489 2509 37 28 to
1542 2503 151 43 Faculty
1707 2503 174 35 members
1894 2514 39 24 or
1947 2503 81 35 their

341 2559 106 34 wives
459 2571 38 23 or
512 2565 37 29 to
561 2559 169 35 full-time
743 2560 199 43 employees
955 2571 88 23 even
1058 2559 135 44 though
1207 2560 88 42 they
1308 2571 84 32 may
1404 2560 44 34 be
1461 2559 154 35 enrolled
1626 2560 55 34 for
1692 2559 186 45 part-time
1889 2559 139 36 instruc

341 2616 86 34 tion.
454 2616 171 34 Students
637 2627 59 23 are
708 2617 108 41 urged
830 2622 36 28 to
879 2616 104 33 make
995 2628 62 23 use
1069 2617 36 33 of
1118 2617 60 33 the
1191 2616 132 35 service
1336 2621 36 29 to
1388 2616 60 34 the
1458 2616 121 35 fullest
1591 2621 130 29 extent.
1746 2617 149 34 Persons
1905 2616 122 44 paying

340 2683 97 23 more
451 2672 87 34 than
551 2672 158 35 one-half
721 2673 35 34 of
772 2673 59 33 the
842 2672 66 34 full
923 2672 129 34 tuition
1066 2672 69 35 will
1147 2678 64 29 not
1224 2672 43 34 be
1279 2672 152 43 charged
1443 2673 54 33 for
1509 2672 168 44 ordinary
1688 2683 78 24 care
1778 2678 40 28 at
1832 2672 59 34 the
1902 2672 124 35 Health

340 2728 148 43 Service,
508 2740 65 22 nor
590 2729 55 34 for
663 2729 110 34 board
792 2729 70 34 and
881 2740 99 23 room
998 2729 36 34 in
1053 2730 60 33 the
1130 2728 155 44 hospital
1302 2729 55 34 for
1376 2729 61 34 the
1452 2729 76 34 first
1546 2729 98 34 three
1661 2729 88 43 days
1766 2728 37 35 of
1821 2738 71 33 any
1908 2728 116 35 illness.

339 2785 44 34 In
404 2785 60 34 the
483 2797 79 23 case
581 2785 36 35 of
637 2786 164 34 students
820 2785 132 44 paying
972 2785 156 35 one-half
1148 2786 36 34 of
1205 2785 60 34 the
1283 2785 66 35 full
1370 2786 129 34 tuition
1519 2796 39 23 or
1576 2785 78 43 less,
1676 2785 59 34 the
1755 2784 131 36 service
1905 2783 66 36 will
1988 2784 37 35 be

337 2842 138 34 limited
495 2847 37 29 to
552 2842 228 43 ambulatory
798 2853 79 24 care
896 2842 114 35 which
1029 2842 69 34 will
1118 2843 44 33 be
1180 2842 169 34 rendered
1368 2843 50 42 by
1437 2843 60 33 the
1515 2842 135 34 Health
1669 2841 138 36 Service
1826 2841 93 36 staff.
1942 2842 82 33 Hos

337 2898 223 46 pitalization
577 2899 71 34 and
665 2898 102 35 visits
785 2904 36 28 to
839 2899 102 34 other
957 2899 119 34 clinics
1092 2910 59 22 are
1167 2903 64 29 not
1245 2898 173 44 provided
1434 2898 53 35 for
1503 2899 174 34 members
1693 2899 36 34 of
1746 2897 71 36 this
1833 2909 120 33 group.

402 2956 68 34 For
490 2956 114 42 major
627 2955 72 36 and
720 2955 147 35 elective
887 2955 213 46 operations,
1123 2954 287 45 hospitalization
1431 2955 54 35 for
1506 2955 146 35 elective
1672 2955 212 44 operations,
1907 2950 116 48 special

337 3024 133 32 nurses,
493 3012 141 46 private
656 3023 127 32 rooms,
808 3012 218 42 refractions,
1049 3012 146 43 X-rays,
1219 3012 71 35 and
1313 3012 139 44 special,
1477 3011 186 45 expensive
1685 3012 174 44 dressings
1880 3011 70 36 and
1971 3020 51 33 ap-
