2226 3516
351 251 42 35 10

723 251 122 35 THE
884 250 380 36 UNIVERSITY
1305 250 67 36 OF
1413 249 275 37 CHICAGO

351 364 172 41 Summer,
543 363 129 35 SEARS.
699 364 136 42 Derby,
858 364 103 35 Cases
979 375 43 23 on
1046 363 171 36 Criminal
1239 364 82 35 Law
1341 363 60 44 (3d
1420 362 83 44 ed.).
1526 363 39 44 1t
1585 363 72 43 Cs.,
1676 363 161 36 Autumn
1857 361 34 44 (2
1908 363 124 42 hours):

350 409 71 35 and
439 409 137 34 Winter
596 408 33 42 (3
649 408 135 43 hours),
803 409 296 35 PUTTTKAMMER.

412 470 77 29 240.
515 468 87 31 Real
621 466 376 41 Property.-Tenure,
1015 470 142 36 estates,
1176 465 114 42 seisin,
1308 465 120 35 future
1444 466 70 34 and
1530 464 218 45 incorporeal
1765 465 171 42 interests,
1952 465 77 41 joint

350 510 209 43 ownership,
575 510 171 42 disseisin,
763 522 90 31 uses,
869 511 71 33 and
957 515 125 37 trusts;
1097 510 147 35 adverse
1258 510 208 44 possession,
1482 511 243 44 prescription,
1741 511 187 41 accretion;
1943 510 87 35 moot

351 556 35 33 of
399 566 237 32 conveyance;
650 555 183 35 execution
846 555 70 34 and
929 556 156 42 delivery
1097 556 36 33 of
1146 555 120 43 deeds;
1280 556 214 43 description
1506 556 37 34 of
1554 561 185 38 property;
1751 560 131 30 estates
1892 558 140 37 created;

350 606 219 29 convenants
582 601 54 34 for
651 601 90 42 title;
758 600 171 44 estoppel;
944 601 161 43 priority,
1120 601 127 41 notice,
1263 601 71 34 and
1350 601 131 35 record.
1507 602 31 32 A
1553 601 160 43 required
1727 611 131 24 course.
1885 600 146 43 Bigelow.

347 646 234 34 Introduction
591 651 31 29 to
635 646 84 34 Real
735 647 173 42 Property,
920 646 71 34 and
1003 645 126 44 Aigler,
1147 646 103 34 Cases
1260 658 45 22 on
1322 647 102 34 Titles
1434 650 31 30 to
1478 647 82 34 Real
1576 646 164 43 Proper!y
1753 645 61 42 (2d
1824 645 82 43 ed.).
1923 645 33 41 1�
1970 646 62 40 Cs.,

350 691 147 42 Winter,
515 691 69 35 last
601 691 75 35 half
696 690 32 43 (2
747 690 139 44 hours);
904 691 69 35 and
993 691 125 43 Spring
1138 689 36 43 (6
1190 690 136 43 hours),
1344 692 135 33 TEFFT.

411 751 77 31 260.
515 749 171 32 Common
703 749 79 32 Law
799 747 436 40 Pleading.-Demurrers
1249 747 56 33 for
1320 746 135 35 defects
1469 747 36 34 in
1520 747 92 34 form
1627 746 72 35 and
1714 746 203 42 substance;
1931 756 99 24 neces­

350 804 81 31 sary
449 791 207 44 allegations
673 792 71 34 and
762 792 164 34 methods
943 792 36 33 of
997 791 165 44 pleading
1179 792 37 34 in
1235 792 61 33 the
1313 791 231 42 declaration;
1564 791 170 42 defaults;
1752 790 97 44 pleas
1864 791 37 34 in
1918 791 58 34 bar
1990 790 41 44 by

351 849 77 31 way
439 837 35 34 of
487 842 155 29 traverse
652 848 39 23 or
701 837 195 34 confession
908 837 70 34 and
989 836 207 42 avoidance;
1207 836 97 43 pleas
1315 836 35 34 in
1362 836 221 42 abatement;
1596 836 224 43 replications
1831 836 70 34 and
1911 835 120 36 further

349 882 195 43 pleadings;
565 882 144 43 parties;
728 882 258 34 amendments.
1012 882 30 33 A
1063 881 159 43 required
1237 892 132 23 course.
1397 881 100 35 Cook
1512 881 70 34 and
1599 882 150 40 Hinton,
1770 881 102 35 Cases
1886 893 43 22 on
1946 880 84 36 Co"..

351 939 78 23 mon
451 928 82 33 Law
552 927 165 43 Pleading
737 925 124 45 (part).
888 927 54 42 C.,
961 927 126 43 Spring
1107 925 36 43 (4
1159 925 136 43 hours),
1315 927 214 34 EAGLETON.

883 1014 160 26 SECOND-
1059 1014 75 25 AND
1150 1014 229 25 TlURD-YEAR
1398 1013 164 26 COURSES

408 1074 115 34 These
541 1085 140 23 courses
699 1084 59 23 are
776 1072 148 35 elective
941 1071 72 36 and
1032 1072 87 35 need
1139 1077 65 29 not
1221 1072 44 34 be
1285 1072 107 35 taken
1410 1071 37 36 in
1466 1083 71 32 any
1554 1073 90 34 fixed
1663 1072 113 35 order.
1802 1071 164 36 Students
1982 1083 49 25 art

347 1130 147 35 advised
512 1135 36 29 to
565 1135 175 39 postpone
757 1129 135 35 starred
912 1127 51 44 (*)
982 1139 138 24 courses
1139 1134 35 29 to
1193 1128 60 35 the
1271 1128 95 35 third
1382 1139 95 32 year.

359 1216 4 5 .
409 1213 77 30 301.
512 1210 132 37 Family
668 1207 447 35 Relations.-Formation
1136 1206 71 35 and
1229 1206 207 35 dissolution
1460 1206 36 35 of
1518 1206 138 43 family;
1678 1206 165 35 husband
1864 1207 67 35 and
1952 1207 80 40 wile:

348 1259 127 37 parent
490 1253 70 33 and
576 1253 109 41 child;
700 1253 150 42 infants;
866 1252 176 43 problems
1056 1252 36 34 of
1108 1251 296 36 administration.
1430 1252 77 34 The
1521 1251 125 43 family
1661 1263 40 23 as
1715 1262 22 23 a
1751 1251 89 44 legal
1855 1252 68 35 and
1938 1251 90 36 social

347 1298 213 35 institution.
588 1298 201 44 McCurdy,
813 1298 102 34 Cases
930 1310 42 22 on
986 1298 52 34 the
1057 1298 80 34 Law
1151 1297 38 44 of
1204 1299 144 33 Persons
1363 1298 69 34 and
1447 1297 168 35 Domestic
1631 1297 185 35 Relations.
1843 1298 52 42 C.,
1910 1298 120 43 Spring,

349 1345 218 34 SLESINGER.
1962 1341 3 4 .

408 1404 77 30 320.
513 1398 367 37 Sales.-Formation
899 1399 70 35 and
988 1399 241 35 construction
1248 1399 37 34 of
1303 1403 180 32 contracts
1500 1399 54 35 for
1573 1399 60 35 the
1652 1398 72 36 sale
1741 1398 38 36 of
1796 1399 121 44 goods;
1936 1399 94 44 rights

349 1445 71 35 and
442 1444 116 35 duties
580 1445 36 34 of
637 1445 130 42 buyers
789 1446 70 33 and
881 1444 131 44 sellers;
1035 1445 169 34 remedies
1226 1444 175 35 available
1421 1455 46 23 on
1489 1445 140 34 breach.
1656 1445 185 35 Casebook
1864 1451 36 28 to
1920 1445 41 34 be
1978 1456 52 23 an­

349 1490 172 34 nounced.
547 1490 249 43 Prerequisite:
820 1490 114 34 Three
956 1495 162 38 quarters
1139 1490 36 34 of
1198 1490 106 42 work,
1328 1489 180 44 including
1532 1490 201 35 Contracts.
1761 1488 40 43 1!
1825 1490 203 41 Cs.Winter,

349 1536 163 34 BOGERT.

409 1596 78 30 321.
514 1590 193 43 (Formerly
726 1590 56 44 41)
804 1595 85 31 Bills
908 1594 69 32 and
999 1591 313 35 Notes.-Formal
1330 1591 200 44 requisites;
1549 1596 227 39 acceptance;
1794 1591 235 41 indorsement;

351 1636 163 43 transfer;
528 1637 172 44 purchase
711 1636 55 35 for
780 1636 103 35 value
896 1636 151 35 without
1059 1637 130 42 notice;
1203 1637 155 34 overdue
1370 1648 125 32 paper;
1508 1637 316 43 extinguishment;
1837 1637 191 43 obligations

349 1683 35 33 of
398 1681 147 44 parties;
560 1683 139 41 checks;
715 1682 185 43 diligence;
914 1687 254 37 presentment,
1183 1682 178 41 dishonor,
1376 1688 149 37 protest,
1541 1682 131 42 notice;
1689 1682 61 34 the
1764 1681 204 44 Negotiable
1982 1683 44 34 Iu­

349 1732 195 29 struments
561 1727 94 33 Law.
683 1727 155 42 Britton,
862 1727 104 34 Cases
985 1738 43 23 on
1052 1727 89 34 Bills
1160 1727 69 34 and
1258 1727 101 34 Notes
1382 1726 60 41 (2d
1462 1725 84 43 ed.).
1572 1726 249 43 Prerequisite:
1846 1727 180 35 Contracts.

353 1770 37 42 it
410 1772 72 41 Cs.,
500 1772 173 42 Autumn,
690 1772 273 34 PUTTKAYMEP..
994 1771 39 42 H
1052 1772 70 41 Cs.,
1141 1772 172 42 Summer,
1334 1772 111 34 1934.1

409 1832 78 29 322.
512 1828 342 42 Insurance.-Fire,
872 1827 59 35 life
948 1828 70 34 and
1035 1828 162 34 accident
1212 1828 197 42 insurance,
1427 1827 85 35 with
1530 1833 137 38 respect
1683 1833 53 29 to:
1752 1827 174 36 insurable
1939 1827 90 35 inter­

350 1878 67 37 est;
431 1873 256 42 concealment;
701 1872 360 44 misrepresentation;
1075 1873 218 41 warranties;
1307 1873 103 34 other
1422 1883 121 25 causes
1555 1873 36 34 of
1605 1873 191 43 invalidity
1807 1874 37 33 of
1856 1878 172 33 contracts;

350 1923 149 29 amount
514 1919 36 34 of
568 1929 179 31 recovery;
764 1918 243 44 subrogation;
1024 1918 212 41 conditions;
1254 1918 139 41 waiver,
1412 1917 171 45 estoppel,
1599 1918 162 42 election,
1778 1918 71 35 and
1863 1929 124 33 powers
1999 1917 29 34 0{

349 1968 137 38 agents;
506 1963 175 44 assignees
700 1964 71 34 and
791 1963 244 35 beneficiaries.
1062 1964 129 41 Vance,
1216 1963 103 35 Cases
1340 1975 43 23 on
1399 1963 201 34 Insurance.
1627 1963 20 42 i
1668 1964 55 42 C.,
1745 1964 169 41 Summer,
1936 1964 91 33 1934.'

409 2023 78 31 327.
514 2019 193 42 (Formerly
723 2017 58 43 32)
802 2022 119 32 Credit
936 2021 536 33 Transactions.-Investment
1486 2019 70 35 and
1572 2020 224 34 commercial
1809 2019 110 35 credit
1932 2027 94 27 trans­

348 2064 148 42 actions,
508 2064 180 43 including
699 2065 203 42 suretyship
915 2065 71 34 and
999 2069 187 38 guaranty,
1198 2064 218 35 conditional
1429 2064 100 42 sales,
1543 2071 212 37 mortgages,
1770 2065 121 34 letters
1901 2065 33 34 of
1946 2067 79 32 credo

349 2109 40 41 it,
410 2114 93 29 trust
522 2110 161 42 receipts,
704 2115 66 29 etc.
796 2109 106 43 Legal
923 2119 257 32 consequences
1198 2108 36 34 of
1254 2109 154 42 security
1428 2109 248 34 transactions.
1702 2110 156 42 Sturges,
1883 2110 94 33 Cases
1992 2120 35 22 0111

355 2154 113 35 Credit
490 2154 252 34 Transactions.
771 2153 39 41 it
828 2155 71 42 Cs.,
917 2154 171 42 Summer,
1106 2154 194 35 GREGORY.
1329 2153 38 41 1!
1386 2154 73 42 Cs.,
1475 2154 139 34 Winter
1629 2154 71 34 and
1717 2154 126 44 Spring
1861 2153 34 42 (3
1911 2150 116 44 hours).

350 2199 134 34 SHARP.

409 2259 76 31 328.
512 2257 290 32 Administration
817 2257 35 32 of
870 2257 166 32 Debtors'
1052 2254 384 35 Estates.-Problems
1448 2254 37 35 of
1499 2254 289 36 administration
1803 2254 109 35 under
1923 2254 103 35 volun­

348 2293 82 49 tary
456 2300 246 44 assignments,
731 2300 262 43 receiverships,
1021 2300 70 34 and
1120 2299 237 44 bankruptcy.
1385 2300 183 35 Casebook
1598 2305 38 30 to
1663 2300 44 34 be
1735 2300 213 34 announced.
1983 2301 44 37 C,

349 2345 137 44 Spring,
504 2346 114 34 KATZ.

409 2405 77 30 330.
513 2401 340 41 Agency.-Nature
865 2401 70 34 and
948 2401 104 34 kinds
1064 2401 36 33 of
1112 2411 148 33 agency;
1274 2401 171 41 creation;
1459 2401 182 35 execution
1654 2401 36 34 of
1702 2401 198 41 authority;
1911 2400 113 41 deleca­

350 2446 88 42 tion;
452 2446 152 42 liability
616 2446 35 34 of
665 2446 172 43 principal
852 2451 37 29 to
904 2445 94 35 third
1011 2445 146 44 parties;
1172 2446 226 41 ratification;
1412 2445 152 43 liability
1576 2446 36 34 of
1626 2451 107 38 agent
1747 2451 36 28 to
1797 2445 94 35 third
1904 2446 123 43 parties.

348 2490 220 36 undisclosed
583 2491 187 43 principal;
786 2491 228 35 termination
1028 2491 36 34 of
1078 2502 144 32 agency.
1249 2491 137 43 Keedy,
1406 2491 103 35 Cases
1525 2503 44 22 on
1594 2491 147 43 Agency.
1770 2490 39 44 11
1826 2491 70 41 Cs.,
1910 2491 106 44 Sprinr

348 2537 129 35 SEARS.

408 2597 77 30 331.
513 2592 193 41 (Formerly
727 2591 88 43 49A)
837 2595 171 32 Business
1027 2595 102 31 Units
1149 2592 281 44 I.-Consisting
1448 2592 213 44 principally
1679 2592 38 35 of
1735 2591 176 44 problems
1927 2593 33 34 of
1978 2592 46 34 tht

347 2636 66 35 law
433 2637 197 42 applicable
650 2643 37 29 to
707 2638 243 42 partnerships
970 2637 70 34 and
1060 2637 133 34 similar
1213 2638 160 34 business
1393 2638 241 34 associations.
1661 2637 109 36 Clark
1790 2637 69 35 and
1880 2637 144 44 Douglas,

353 2682 103 35 Cases
472 2694 43 22 on
536 2682 235 43 Partnership.
799 2682 54 42 C.,
871 2682 137 43 Spring,
1027 2682 113 34 KATZ.
1169 2682 52 42 C.,
1241 2683 174 41 Summer,
1435 2683 112 34 1934.1

414 2738 96 34 *332.
538 2737 193 43 (Formerly
744 2737 88 42 49B)
848 2741 172 31 Business
1033 2741 103 32 Units
1148 2739 299 43 n.-Consisting
1458 2738 133 44 largely
1601 2739 37 34 of
1650 2738 177 44 problems
1840 2738 35 35 of
1887 2749 136 33 corpora­

350 2784 73 33 tion
441 2783 76 33 law.
544 2783 159 43 Douglas
719 2784 70 33 and
807 2783 149 43 Shanks,
980 2783 104 36 Cases
1100 2783 70 34 and
1185 2783 182 35 Materials
1384 2795 44 22 on
1444 2784 253 43 Management.
1727 2783 38 43 1l
1787 2785 70 41 Cs.,
1875 2784 140 34 Summer

348 2829 114 33 KATZ.
491 2827 37 42 H
548 2828 73 42 Cs.,
638 2829 172 41 Autumn,
829 2828 134 35 SHARP.

411 2883 96 36 *333.
534 2884 194 42 (Formerly
742 2883 89 44 49C)
850 2887 173 32 Business
1037 2887 102 33 Units
1154 2885 304 35 HI.-Advanced
1471 2885 179 44 problems
1663 2886 36 34 of
1713 2890 185 41 corporate
1911 2886 112 35 finance

347 2929 71 35 and
433 2930 290 43 reorganization.
749 2930 248 43 Prerequisite:
1022 2930 167 35 Business
1203 2930 108 36 Units
1326 2932 37 33 II
1378 2941 40 25 or
1431 2930 216 44 equivalent.
1674 2931 187 35 Materials
1876 2936 35 30 to
1925 2932 39 34 be
1975 2942 47 23 An'

347 2975 173 35 nounced.
546 2975 54 42 C.,
617 2975 149 42 Winter,
784 2975 115 35 KATZ.

410 3049 8 13 I
430 3041 168 29 Tentative.
