2090 3468
629 217 122 36 THE
790 219 70 34 LA
874 219 44 35 W
955 219 235 35 SCHOOL

1713 219 41 34 21

61 331 162 44 pliances,
242 330 98 35 there
357 331 67 35 will
441 331 45 35 be
502 343 22 23 a
540 331 139 43 charge,
698 331 168 44 adapted,
884 342 39 24 as
938 331 56 34 far
1010 343 38 23 as
1064 331 164 57 possib�e,
1249 336 36 30 to
1304 331 59 34 the
1381 331 177 35 student's
1575 331 126 43 ability
1719 336 37 30 to

60 400 79 32 pay.

599 454 229 36 MEDICAL
852 455 360 36 EXAMINATION

119 537 31 32 A
174 534 149 35 medical
347 534 251 43 examination,
623 533 251 45 appointment
897 535 55 34 for
976 534 113 34 which
1114 534 126 34 should
1265 535 44 33 be
1333 535 104 34 made
1462 539 38 29 at
1526 534 60 34 the
1610 534 86 35 time
1720 534 38 35 of

62 591 230 44 registration,
309 591 28 35 is
354 591 161 44 required
532 592 36 34 of
585 602 106 32 every
707 591 146 35 student
870 590 36 35 in
923 590 176 35 residence
1114 590 56 35 for
1186 591 61 34 the
1260 591 77 34 first
1354 591 85 35 time
1456 590 85 35 with
1559 591 60 34 the
1635 602 121 33 excep­

61 649 71 34 tion
152 648 91 43 that,
262 648 37 33 in
318 648 62 34 the
398 648 160 34 Summer
577 648 152 42 Quarter
747 648 94 42 only,
863 647 149 34 medical
1030 647 240 34 examination
1288 648 29 33 is
1335 648 160 43 optional
1512 647 55 35 for
1585 648 172 42 graduate

60 705 170 34 students.
255 704 78 34 The
347 704 238 34 examination
599 704 29 34 is
642 703 166 43 designed
823 709 37 29 to
872 709 142 38 protect
1027 703 61 34 the
1101 703 198 35 individual
1313 704 140 42 against
1466 704 96 34 work
1575 704 54 33 for
1643 703 113 35 which

60 761 41 34 he
114 760 29 34 is
154 760 198 44 physically
366 760 226 44 unqualified,
609 764 37 30 to
660 759 160 35 discover
833 760 135 34 defects
982 760 70 33 and
1068 760 201 34 tendencies
1283 759 113 35 which
1411 772 83 31 may
1508 760 43 34 be
1565 760 190 42 corrected,

60 818 67 34 and
149 822 38 29 to
206 817 112 43 guard
341 816 60 35 the
421 817 208 43 University
650 816 222 43 community
895 816 139 43 against
1055 816 279 35 communicable
1355 817 145 34 disease.
1526 816 230 36 Vaccination

60 873 134 44 against
210 872 172 45 smallpox
399 873 28 34 is
443 872 201 44 obligatory
659 873 55 35 for
730 873 47 34 all
794 874 175 34 students.

119 928 137 35 Failure
271 934 36 29 to
321 935 119 37 report
453 929 54 34 for
520 941 21 22 a
555 929 150 35 medical
718 929 239 34 examination
971 928 123 35 within
1109 929 61 34 the
1180 929 77 34 first
1271 934 70 29 two
1355 929 113 34 weeks
1481 929 36 34 of
1533 929 59 33 the
1604 929 153 42 Quarter

59 997 36 23 or
108 991 37 29 to
158 985 89 44 keep
259 996 46 23 an
319 985 250 45 appointment
581 985 144 43 already
738 986 104 33 made
855 985 227 35 necessitates
1097 985 60 34 the
1168 991 173 39 payment
1354 985 36 35 of
1403 996 21 23 a
1438 985 71 34 late
1521 986 54 33 fee
1587 985 36 35 of
1641 985 113 39 $2.00.

59 1043 85 34 This
160 1041 55 35 fee
234 1042 126 35 should
379 1043 44 34 be
441 1042 85 44 paid
544 1048 39 28 at
604 1042 60 34 the
683 1042 161 35 Bursar's
863 1042 109 35 Office
990 1042 71 35 and
1082 1041 60 35 the
1161 1042 132 44 receipt
1312 1042 154 44 brought
1486 1047 37 29 to
1544 1041 59 35 the
1621 1041 135 35 Health

61 1098 145 35 Service.

133 1212 366 41 STANDARDS
525 1212 77 41 OF
624 1212 121 41 THE
768 1212 325 41 AMERICAN
1119 1213 123 40 BAR
1266 1212 410 41 ASSOCIATION

117 1290 77 34 The
206 1291 190 34 standards
407 1291 37 34 of
458 1290 60 34 the
530 1291 186 34 American
731 1292 72 33 Bar
817 1290 221 35 Association
1052 1302 88 23 were
1152 1291 157 43 adopted
1322 1291 36 34 in
1374 1292 96 33 1921.
1495 1291 102 43 They
1608 1290 148 44 provide

61 1347 76 34 that
155 1346 45 35 all
218 1358 145 32 persons
381 1347 176 34 admitted
578 1353 39 28 to
637 1347 60 35 the
716 1348 71 34 Bar
805 1346 126 36 should
951 1347 91 34 have
1060 1347 197 42 graduated
1275 1347 92 34 from
1386 1358 21 23 a
1425 1347 84 34 Law
1530 1347 125 35 School
1676 1347 79 34 that

60 1403 149 45 requires
227 1404 37 34 of
283 1403 47 35 its
348 1404 164 34 students
533 1402 51 42 (1)
607 1409 38 29 at
663 1403 90 35 least
773 1409 69 30 two
861 1415 102 31 years
981 1404 37 34 of
1036 1403 129 43 college
1182 1403 228 45 preparation
1430 1415 38 23 as
1487 1415 20 22 a
1525 1403 230 45 prerequisite

60 1462 49 33 for
123 1459 191 35 admission
330 1465 37 29 to
383 1460 60 34 the
459 1460 137 42 School,
615 1459 50 43 (2)
683 1465 39 29 at
736 1460 89 35 least
842 1461 97 34 three
954 1460 179 35 academic
1148 1471 101 32 years
1264 1460 35 34 of
1315 1461 109 42 study
1438 1460 119 35 before
1571 1460 184 43 obtaining

60 1518 42 34 its
123 1517 134 42 degree.
284 1516 94 34 Such
399 1528 21 22 a
442 1517 84 33 Law
548 1516 126 35 School
697 1522 96 29 must
815 1516 73 35 also
911 1516 91 34 have
1024 1528 46 22 an
1091 1517 179 43 adequate
1290 1516 134 43 library
1445 1516 71 34 and
1538 1528 21 23 a.
1581 1516 173 35 sufficient

59 1573 145 35 number
218 1573 36 34 of
268 1573 168 34 full-time
453 1573 161 35 teachers
630 1578 37 29 to
681 1573 80 42 give
776 1574 177 43 adequate
968 1572 162 44 personal
1146 1578 144 29 contact
1307 1573 85 34 with
1409 1572 60 34 the
1484 1573 146 34 student
1645 1573 108 43 body,

60 1629 66 35 and
141 1629 30 34 it
187 1628 88 49 shall
292 1633 64 30 not
373 1629 44 34 be
432 1629 170 45 operated
619 1641 39 23 as
673 1641 21 23 a
711 1630 223 35 commercial
950 1629 203 44 enterprise.

115 1686 115 34 These
245 1685 190 36 standards
449 1685 103 44 have,
568 1686 37 34 in
622 1686 110 35 whole
747 1697 39 23 or
801 1686 36 34 in
852 1691 94 39 part,
962 1686 89 35 been
1066 1686 157 43 adopted
1238 1685 49 45 by
1302 1691 137 30 statute
1455 1686 35 34 in
1505 1697 110 33 many
1630 1691 123 31 states.

146 1799 308 42 SUMMARY
479 1800 74 41 OF
577 1799 417 41 ATTENDANCE
1017 1800 66 40 IN
1108 1799 122 40 THE
1252 1800 145 41 LAW
1423 1800 241 40 SCHOOL

805 1852 203 44 1931"32

60 1933 206 43 Third-year
282 1933 165 35 students
479 1963 4 4 .

61 1990 230 43 Second-year
307 1989 165 35 students

62 2046 187 43 First-year
263 2046 168 34 students
478 2074 6 6 .

60 2101 254 42 Postgraduate
329 2101 166 35 students

61 2157 226 35 Unclassified

144 2245 106 36 Total
265 2247 37 33 in
319 2246 85 35 Law
421 2242 126 39 School

51 2323 175 36 Students
241 2325 37 34 in
294 2320 103 39 other
412 2324 245 44 departments
674 2324 124 44 taking
814 2324 66 35 law
897 2336 140 23 courses

141 2412 139 36 Total.

63 2488 216 46 Repetitions
297 2490 163 43 (deduct)

146 2579 122 36 Grand
286 2580 90 35 total
411 2608 5 5 .

1690 1936 64 35 148

1690 1992 63 36 109

1690 2049 62 36 147

1731 2108 22 33 9

1732 2164 19 34 2

1686 2255 68 35 415

1709 2334 42 36 27

1685 2426 67 35 442

1732 2506 20 35 2

1685 2597 69 36 440
