2148 3498
620 209 122 35 THE
779 209 70 35 LA
864 211 43 34 W
944 210 236 36 SCHOOL

1727 208 21 35 3

2112 249 5 7 ,
2140 240 7 21 i

60 321 86 44 early
166 321 132 36 session
319 320 114 43 laws).
459 321 31 35 A
513 320 174 45 complete
709 326 55 31 set
786 320 36 35 of
845 321 157 44 English,
1026 321 103 43 Irish,
1153 321 71 35 and
1248 321 128 35 Scotch
1399 326 169 38 statutes;
1592 321 72 35 and
1687 321 61 35 the

61 378 131 35 modern
209 383 156 31 statutes
381 378 71 35 and
469 378 104 35 codes
589 378 37 35 of
642 377 115 43 India,
775 377 189 43 Australia,
983 378 88 34 New
1088 378 165 42 Zealand,
1271 378 71 36 and
1360 378 62 36 the
1439 389 96 25 more
1551 378 198 45 important

62 435 118 35 British
196 434 162 36 colonies.

114 490 52 35 An
185 491 180 35 extensive
384 490 195 35 collection'
589 490 36 35 of
646 489 160 37 treatises
829 488 171 43 (classical
1020 490 70 35 and
1111 488 175 44 modern),
1305 490 219 44 periodicals,
1546 489 109 44 trials,
1676 490 71 36 and

60 546 78 45 legal
159 547 213 43 miscellany,
395 547 180 42 including
596 559 21 23 a
639 547 94 43 large
755 552 148 29 amount
925 548 36 33 of
983 546 57 35 old
1064 547 146 42 English
1232 546 180 36 historical
1434 547 176 43 material;
1632 548 72 35 and
1726 558 21 25 a

60 603 142 43 working
218 602 132 44 library
366 603 36 34 in
420 603 146 41 French,
585 603 166 41 German,
769 602 161 44 Spanish,
947 602 71 35 and
1034 602 166 34 Mexican
1216 602 77 35 law.

114 659 166 35 Students
295 658 37 35 in
349 659 61 34 the
425 659 84 35 Law
526 658 125 36 School
667 670 85 32 may
767 670 61 23 use
844 658 60 35 the
920 658 102 35 other
1037 658 207 43 University
1259 657 168 44 libraries,
1444 659 205 44 containing
1664 670 84 24 over

59 715 134 43 940,000
209 714 168 36 volumes.
389 739 4 7 '

691 810 413 41 CURRICULUM

2110 800 37 24 ',I,

1632 840 5 10 ,
1655 833 4 4 .

114 894 72 34 The
203 893 212 36 curriculum
433 894 36 34 of
489 894 60 35 the
566 895 85 34 Law
670 893 125 37 School
812 894 30 36 is
859 895 189 43 composed
1066 895 36 35 of
1121 899 69 30 two
1208 898 110 40 parts,
1338 894 152 44 namely,
1511 894 61 36 the
1589 906 159 32 pre-pro­

60 950 149 36 fessional
226 950 213 36 curriculum
455 951 72 35 and
545 951 60 35 the
621 950 230 45 professional
867 951 222 35 curriculum.

115 1007 165 34 Students
297 1007 78 34 who
392 1007 94 34 have
504 1007 147 35 finished
672 1007 91 34 their
780 1007 124 42 Junior
924 1007 139 43 College
1082 1007 94 35 work
1195 1007 70 34 and
1285 1006 83 44 plan
1388 1011 37 30 to
1443 1007 111 42 study
1571 1006 67 35 law
1663 1019 85 30 may

60 1069 88 28 enter
161 1062 58 35 the
232 1063 86 34 Law
333 1062 126 35 School
472 1063 72 35 and
559 1063 102 43 begin
678 1063 61 35 the
752 1063 225 43 preparation
992 1064 55 33 for
1061 1063 92 34 their
1166 1062 229 44 professional
1410 1074 135 23 careers
1558 1063 113 34 under
1687 1063 61 34 the

60 1118 204 45 supervision
281 1119 72 34 and
371 1119 138 35 control
526 1120 36 34 of
581 1119 60 35 the
659 1119 85 35 Law
763 1118 125 36 School
906 1119 48 44 by
973 1119 157 44 entering
1148 1130 96 33 upon
1263 1118 61 35 the
1342 1119 95 35 work
1455 1120 37 34 of
1511 1119 61 34 the
1589 1130 158 32 pre-pro­

60 1174 148 37 fessional
224 1187 96 31 year.
323 1180 11 17 I

114 1232 81 34 This
208 1243 84 31 year
305 1232 37 34 of
356 1231 95 34 work
464 1231 30 35 is
507 1231 154 43 planned
675 1231 86 35 with
776 1231 60 35 the
850 1231 153 43 thought
1016 1232 37 34 of
1066 1231 119 44 giving
1200 1232 61 34 the
1273 1232 148 34 student
1432 1242 22 23 a
1468 1231 228 43 background
1711 1231 36 34 of

61 1286 212 36 information
288 1288 72 34 and
374 1286 217 36 intellectual
606 1287 183 44 discipline
804 1287 112 35 which
931 1287 30 36 is
976 1287 88 35 both
1078 1288 152 35 cultural
1245 1287 71 35 and
1331 1288 36 34 of
1382 1287 192 44 particular
1589 1287 104 35 value
1710 1291 37 30 to

62 1343 51 36 the
125 1344 115 35 future
254 1344 67 34 law
335 1343 157 36 student.
519 1344 85 34 Part
618 1344 36 35 of
671 1344 60 35 the
747 1344 93 35 work
856 1344 29 36 is
899 1344 210 44 prescribed.
1135 1346 43 33 In
1193 1343 112 44 order,
1321 1344 173 42 however,
1512 1349 36 30 to
1564 1344 79 43 give
1656 1344 89 34 free­

60 1400 72 36 dom
149 1401 35 34 of
200 1400 119 35 choice
338 1406 37 29 to
394 1400 60 35 the
471 1400 197 36 individual
686 1401 147 35 student
849 1400 71 36 and
938 1401 130 43 permit
1085 1401 61 34 the
1164 1401 147 35 student
1330 1406 36 29 to
1384 1412 131 32 pursue
1533 1400 144 36 definite
1694 1400 52 35 in­

61 1456 162 35 tellectual
236 1457 164 34 interests
413 1456 114 35 which
542 1457 43 34 he
598 1468 85 32 may
694 1457 104 42 have,
813 1468 21 23 a
848 1457 239 35 considerable
1100 1461 82 39 part
1195 1457 36 34 of
1246 1456 61 35 the
1319 1456 116 43 year's
1449 1458 96 33 work
1559 1456 62 35 lies
1633 1457 37 34 in
1686 1456 60 35 the

59 1512 105 36 choice
180 1513 35 34 of
232 1513 60 35 the
308 1513 156 35 student.

114 1569 164 36 Students
294 1569 78 35 who
387 1580 59 23 are
462 1568 62 35 the
539 1569 139 35 holders
692 1569 37 35 of
744 1581 46 23 an
807 1568 99 42 A.B.,
923 1580 40 24 or
977 1569 143 43 similar,
1138 1569 134 43 degree,
1289 1581 39 24 or
1343 1569 78 35 who
1436 1569 93 35 have
1544 1568 202 45 completed

62 1625 85 36 three
157 1637 99 32 years
267 1626 37 35 of
316 1626 177 43 adequate
505 1626 127 43 college
647 1626 163 43 training,
824 1637 84 31 may
919 1631 100 30 enter
1030 1625 150 44 directly
1191 1637 94 33 upon
1300 1625 91 36 their
1402 1625 232 45 professional
1646 1626 99 35 stud­

60 1680 62 37 its.1

114 1738 71 35 The
197 1738 226 44 professional
439 1739 95 34 work
548 1739 36 34 of
598 1738 59 35 the
670 1739 84 34 Law
768 1737 124 36 School
904 1738 29 35 is
946 1738 165 43 designed
1126 1743 36 29 to
1175 1738 79 43 give
1266 1750 22 22 a
1302 1738 175 43 thorough
1490 1737 89 44 legal
1593 1738 153 42 training

62 1798 31 29 to
104 1795 157 35 students
273 1795 116 35 whose
401 1794 189 35 education
603 1795 71 34 and
687 1793 173 44 maturity
871 1794 93 34 have
976 1793 103 36 fitted
1092 1794 98 35 them
1203 1798 37 30 to
1253 1805 128 32 pursue
1394 1794 230 44 professional
1637 1794 109 43 study

60 1850 99 36 either
173 1851 52 35 for
242 1851 61 35 the
319 1862 152 32 purpose
487 1851 37 34 of
540 1851 184 42 becoming
739 1850 194 44 practicing
949 1855 184 38 attorneys
1149 1862 39 23 or
1202 1851 56 34 for
1275 1851 60 34 the
1351 1862 153 32 purpose
1521 1851 36 34 of
1574 1851 173 43 engaging

60 1904 30 37 in
108 1907 54 34 the
180 1907 161 43 teaching
358 1907 195 43 profession
570 1918 40 23 or
625 1907 56 34 for
699 1907 60 34 the
776 1918 151 32 purpose
945 1906 36 35 of
998 1906 186 44 obtaining
1200 1919 22 23 a
1241 1906 109 35 broad
1368 1907 71 35 and
1457 1907 289 43 comprehensive

60 1960 77 45 legal
151 1963 149 43 training
312 1974 39 24 as
363 1975 21 22 a
396 1963 227 43 preparation
635 1963 55 34 for
701 1974 21 22 a
736 1962 158 36 business
906 1973 126 23 career.
1059 1963 98 34 With
1170 1963 71 34 this
1254 1963 68 34 end
1335 1962 35 35 in
1385 1963 99 41 view,
1500 1963 60 34 the
1573 1963 77 34 first
1661 1973 86 32 year

59 2018 31 34 of
104 2018 221 43 professional
340 2018 95 35 work
450 2018 30 35 is
496 2018 152 35 devoted
665 2022 38 30 to
718 2018 119 43 giving
852 2030 21 23 a
888 2018 131 35 careful
1036 2018 153 42 training
1203 2019 37 33 in
1255 2018 165 35 methods
1435 2018 36 35 of
1487 2018 89 44 legal
1591 2018 155 43 analysis

60 2075 61 34 and
138 2086 19 23 a
177 2074 172 44 thorough
369 2074 155 44 working
542 2074 204 43 knowledge
764 2075 36 35 of
818 2074 246 35 fundamental
1084 2074 89 44 legal
1191 2075 166 42 subjects.
1384 2076 42 33 In
1447 2075 60 34 the
1525 2074 130 35 second
1674 2074 72 35 and

61 2129 83 37 third
160 2142 98 31 years
274 2131 37 35 of
327 2131 230 43 professional
576 2131 152 42 training
747 2130 59 36 the
823 2130 146 36 student
986 2131 167 44 proceeds
1171 2136 36 29 to
1225 2142 21 23 a
1264 2136 156 38 mastery
1437 2131 37 34 of
1493 2130 60 35 the
1571 2142 96 23 more
1684 2131 61 34 ad­

60 2187 121 34 "anced
202 2187 169 35 branches
390 2187 37 34 of
446 2187 67 35 law
533 2187 37 34 in
590 2187 60 34 the
671 2187 140 34 various
832 2186 98 35 fields
950 2187 36 34 of
1006 2186 159 35 business
1185 2187 71 34 and
1276 2187 224 43 corporation
1520 2186 78 42 law,
1622 2191 123 37 trusts,

61 2247 163 38 property,
242 2243 202 42 procedure,
462 2243 165 43 practice,
647 2242 119 43 public
783 2242 77 43 law,
879 2243 71 34 and
968 2242 274 43 jurisprudence.

115 2294 70 38 The
197 2298 143 35 method
353 2299 37 34 of
402 2299 109 42 study
523 2299 185 43 employed
720 2299 36 34 in
770 2298 59 35 the
841 2298 169 43 majority
1021 2299 37 34 of
1069 2298 230 44 professional
1312 2310 138 24 courses
1462 2298 29 35 is
1504 2298 61 35 the
1576 2298 168 44 analysis,

59 2363 13 22 c
77 2354 197 44 omparison,
283 2355 71 34 and
363 2355 194 35 discussion
564 2356 36 33 of
608 2355 146 35 decided
764 2366 96 24 cases
870 2355 35 34 in
917 2355 61 34 the
988 2355 145 35 differen
1137 2360 15 29 t
1163 2354 98 36 fields
1271 2355 36 34 of
1317 2354 76 35 law.
1415 2355 87 35 This
1510 2366 79 24 case
1600 2355 145 34 method

60 2410 31 36 ')f
106 2411 199 35 instruction
318 2411 29 35 is
359 2410 161 44 liberally
531 2411 268 43 supplemented
817 2411 48 43 by
880 2411 110 43 study
1006 2411 36 34 of
1058 2416 183 38 statutory
1254 2410 178 36 materials
1445 2411 82 42 and,
1543 2411 127 43 during
1685 2411 60 34 the

61 2464 93 37 !.tUer
172 2471 78 39 part
269 2467 36 34 of
327 2466 59 35 the
406 2467 122 43 period
548 2467 36 33 of
604 2468 120 42 study,
745 2467 47 42 by
809 2467 203 43 supervised
1033 2467 158 34 research
1211 2467 36 34 in
1264 2467 141 35 various
1425 2467 176 43 problems
1621 2467 37 34 of
1677 2466 67 35 law

60 2518 77 39 both
155 2522 32 35 in
204 2522 151 35 seminar
372 2534 139 24 courses
528 2523 71 34 and
615 2522 199 36 individual
830 2522 144 36 studies.
1000 2522 77 35 The
1094 2534 152 32 purpose
1264 2523 37 34 of
1320 2523 60 34 the
1397 2534 79 24 case
1495 2523 145 34 method
1658 2523 30 35 is
1707 2527 37 30 to

61 2578 68 37 rive
141 2590 44 23 an
198 2578 160 35 effective
373 2578 203 43 knowledge
589 2579 36 34 of
640 2578 89 44 legal
743 2578 187 45 principles
937 2579 78 35 and
1030 2590 178 32 processes
1223 2580 71 34 and
1311 2584 36 30 to
1364 2579 92 35 train
1473 2579 60 34 the
1547 2579 147 35 student
1708 2578 36 35 in

60 2634 221 44 In�ependent
300 2635 71 36 and
391 2635 135 35 critical
546 2635 88 44 legal
654 2626 198 53 reasoning:
875 2635 76 35 The
970 2647 153 32 purpose
1143 2636 36 34 of
1201 2635 61 35 the
1282 2636 156 35 seminar
1456 2636 71 35 and
1547 2635 197 35 individual

62 2691 80 34 1rOrk
157 2691 27 35 is
198 2696 35 30 to
246 2691 148 44 develop
408 2692 36 34 in
459 2692 62 34 the
535 2692 147 34 student
696 2692 61 34 the
771 2692 127 42 ability
912 2696 36 30 to
963 2691 79 35 deal
1057 2692 279 42 constructively
1351 2692 85 34 with
1450 2703 22 23 a
1486 2691 140 44 specific
1639 2691 105 44 prob­

62 2744 66 37 'f:"1D.
153 2747 52 35 An
220 2747 103 36 effort
338 2747 30 35 is
384 2747 73 36 also
474 2748 104 34 made
595 2752 36 30 to
649 2752 116 30 create
782 2759 21 23 a
818 2748 262 35 consciousness
1097 2748 36 35 of
1152 2748 60 35 the
1229 2747 166 36 relations
1413 2747 159 36 between
1587 2747 68 35 law
1671 2748 72 35 and

60 2803 91 35 ·;ther
165 2803 93 36 fields
273 2804 37 35 of
325 2803 215 44 knowledge,
557 2804 230 44 particularly
804 2804 61 35 the
880 2804 105 35 social
1001 2805 163 42 sciences,
1182 2805 71 35 and
1271 2809 36 30 to
1324 2804 98 36 instil
1438 2815 46 24 an
1500 2804 243 44 appreciation

59 2858 33 34 .';f
109 2859 55 36 the
180 2871 124 34 proper
321 2860 180 36 functions
519 2861 37 34 of
575 2860 60 35 the
655 2860 67 35 law
740 2860 36 35 in
796 2860 145 35 modern
960 2861 144 42 society.

114 2916 70 36 The
202 2927 119 26 course
341 2917 36 36 of
397 2917 229 45 professional
646 2917 111 43 study
775 2917 142 42 offered,
939 2917 175 44 requiring
1135 2917 97 36 three
1251 2917 180 36 academic
1452 2929 102 32 years
1573 2917 55 35 for
1647 2928 95 25 com-

2119 1955 17 9 ..
2142 1939 5 41 �

112 3011 9 13 •
130 3004 58 31 The
201 3007 206 34 requirements
418 3007 44 30 for
474 3007 155 29 admission
643 3011 31 24 to
687 3006 50 29 the
749 3006 66 29 Law
829 3006 103 29 School
942 3014 49 22 are
1004 3006 96 29 stated
1112 3006 29 29 in
1154 3006 90 29 detail
1255 3016 38 20 on
1306 3016 72 26 page
1391 3008 15 27 4
1421 3007 59 28 and
1494 3006 156 35 following.
