2108 3422
337 231 22 34 6

710 232 122 34 THE
872 232 380 36 UNIVERSITY
1291 231 70 36 OF
1401 230 274 37 CHICAGO

400 344 77 34 The
493 344 124 43 degree
631 344 36 35 of
681 344 137 34 Doctor
831 344 37 35 of
881 343 85 35 Law
983 343 114 44 (J.D.)
1113 344 29 35 is
1156 344 183 35 conferred
1352 355 96 34 upon
1462 335 210 44 candidates
1685 344 155 34 therefor
1853 344 76 35 who
1941 344 84 36 have

335 400 254 44 satisfactorily
608 400 198 44 completed
827 400 60 35 the
905 399 232 45 professional
1154 411 141 24 courses
1312 400 71 35 and
1403 400 77 35 who
1498 412 61 24 are
1576 400 129 43 college
1722 400 212 43 graduates.!
1974 400 52 36 No

336 456 66 35 law
421 456 131 35 credits
570 456 68 35 will
657 457 44 34 be
719 457 155 34 counted
892 456 26 34 if
939 457 86 42 they
1044 467 88 23 were
1150 456 170 36 obtained
1340 457 119 35 before
1477 457 63 35 the
1558 457 147 35 student
1723 468 72 24 was
1811 456 163 44 qualified
1992 461 33 31 to

336 514 100 33 enter
452 512 61 35 the
527 513 85 34 Law
629 512 126 35 School
771 523 39 24 as
825 523 21 23 a
862 512 192 34 candidate
1068 512 55 34 for
1139 512 72 34 this
1227 512 135 43 degree.

398 570 43 32 In
454 568 103 34 order
571 574 36 29 to
622 567 174 45 complete
811 567 60 35 the
884 566 232 44 professional
1129 578 123 24 course
1266 569 161 42 required
1441 568 55 35 for
1510 568 63 35 the
1586 569 81 43 J.D.
1682 568 137 43 degree,
1833 568 29 35 it
1875 568 30 34 is
1916 576 109 26 neces­

337 635 80 32 sary
430 630 38 28 to
480 624 186 42 complete,
679 624 86 34 with
777 634 21 23 a
809 623 107 43 grade
927 623 36 34 of
976 624 43 33 60
1030 634 40 23 or
1082 624 129 41 better,
1224 635 22 23 a
1258 623 91 35 total
1360 624 38 34 of
1409 624 42 35 27
1463 635 142 24 courses
1616 625 36 33 of
1664 624 67 34 law
1743 624 96 34 work
1850 624 174 34 distribut­

338 680 41 34 ed
391 690 85 24 over
486 680 82 34 nine
578 684 162 39 quarters
750 679 36 35 of
797 679 66 34 law
874 679 119 34 school
1005 679 187 35 residence.
1210 679 115 35 These
1337 678 41 36 27
1392 687 153 28 courses-
1554 681 37 33 of
1603 680 94 34 work
1709 684 97 30 must
1817 690 146 33 average
1975 678 48 42 70,

337 735 67 34 but
416 735 36 34 in
466 735 149 43 figuring
629 735 71 34 this
713 734 211 44 graduation
939 746 159 32 average,
1113 746 21 23 a
1146 734 148 35 student
1306 735 132 44 having
1450 736 114 34 credit
1575 736 35 34 in
1625 747 115 23 excess
1752 735 37 34 of
1803 734 60 35 the
1874 734 149 44 required

338 790 40 34 27
395 802 142 24 courses
552 802 84 31 may
651 791 88 42 drop
755 792 61 33 the
830 791 123 35 lowest
967 802 84 23 ones
1066 796 37 29 to
1119 790 61 34 the
1196 796 121 29 extent
1331 791 37 34 of
1384 791 71 34 this
1469 803 127 23 excess.
1622 792 47 33 At
1684 791 91 34 least
1792 791 39 34 12
1846 801 135 24 courses
1992 790 32 35 of

337 847 72 33 this
424 846 66 35 law
508 846 95 35 work
619 847 73 34 and
707 847 81 34 four
803 852 163 38 quarters
982 847 36 34 of
1036 846 71 34 this
1124 846 177 34 residence
1320 844 194 46 (including
1531 847 62 34 the
1607 847 71 34 last
1692 851 146 38 quarter
1851 847 55 34 for
1919 845 105 36 which

336 903 113 33 credit
463 903 29 34 is
506 901 120 44 given)
644 907 96 30 must
756 902 192 44 ordinarily
963 902 91 35 have
1069 901 87 35 been
1172 907 39 29 at
1226 901 71 35 this
1312 901 126 35 School
1452 903 72 33 and
1538 908 65 28 not
1617 902 153 35 counted
1784 902 133 35 toward
1931 913 21 23 a
1965 901 59 37 law

336 959 126 42 degree
479 958 196 35 elsewhere.
702 958 49 34 At
767 957 92 36 least
877 963 70 30 two
965 969 142 24 courses
1124 958 37 34 of
1180 957 96 36 work
1295 963 97 29 must
1410 957 43 35 be
1471 958 111 34 taken
1600 958 70 34 and
1688 959 128 43 passed
1834 958 34 34 in
1887 958 59 34 the
1962 958 62 35 last

319 1031 3 3 .
337 1014 161 41 required
515 1018 146 38 quarter
677 1014 37 34 of
732 1013 202 35 residence.s

401 1068 202 36 Graduates
619 1068 36 34 of
671 1068 183 44 approved
869 1068 67 35 law
953 1068 138 36 schools
1107 1080 84 32 may
1207 1068 124 35 obtain
1347 1079 22 24 a
1386 1068 123 43 degree
1525 1068 37 34 in
1579 1067 99 35 three
1692 1072 163 39 quarters
1870 1068 47 44 by
1931 1068 91 36 satis­

336 1124 167 43 factorily
525 1123 217 44 completing
761 1125 23 33 9
805 1135 151 25 courses.

400 1180 220 35 Candidates
635 1180 78 34 who
729 1179 175 45 complete
916 1180 61 35 the
994 1180 93 35 work
1104 1179 86 36 with
1205 1191 21 23 a
1241 1180 214 44 graduating
1469 1190 151 33 average
1634 1179 38 34 of
1686 1179 45 34 80
1744 1179 68 35 will
1826 1180 129 35 receive
1968 1180 55 36 the

337 1236 126 42 degree
478 1247 77 23 cum
571 1235 111 36 laude.

409 1320 296 51 CANDIDACY
730 1337 95 35 FOR
848 1337 100 35 THE
973 1336 205 35 DEGREE
1200 1337 62 34 OF
1286 1335 264 37 BACHELOR
1574 1336 62 36 OF
1658 1336 132 36 LAWS
1816 1334 141 44 (LL.B.)

398 1415 44 34 In
463 1415 211 38 occasional.
684 1415 177 35 instances
883 1415 201 44 applicants
1106 1415 77 35 who
1200 1420 133 30 cannot
1351 1415 127 44 satisfy
1495 1415 62 35 the
1578 1414 182 44 collegiate
1781 1414 240 44 requirement!

337 1482 187 34 necessary
536 1472 55 33 for
604 1483 21 22 a
639 1472 199 44 candidacy
850 1472 55 34 for
919 1472 61 34 the
992 1472 83 42 J.D.
1093 1472 124 43 degree
1231 1471 67 35 but
1312 1472 78 34 who
1402 1471 93 35 have
1508 1471 72 35 had
1595 1471 158 35 between
1767 1476 69 30 two
1850 1471 68 35 and
1931 1471 90 36 three

336 1538 103 32 years
455 1528 36 33 of
507 1527 182 43 collegiate
706 1528 106 42 work,
830 1528 71 34 and
917 1528 77 34 who
1010 1538 59 24 are
1085 1528 35 34 of
1137 1532 139 30 mature
1291 1539 114 31 years,
1423 1539 84 32 may
1522 1527 44 34 be
1582 1527 176 35 admitted
1773 1538 39 24 as
1826 1527 194 36 candidates

335 1584 56 34 for
410 1583 61 34 the
489 1584 125 43 degree
632 1584 37 34 of
688 1583 172 35 Bachelor
878 1583 36 35 of
932 1584 102 34 Laws
1055 1582 145 43 (LL.B.)
1223 1583 48 44 by
1289 1583 130 44 special
1438 1588 84 30 vote
1539 1584 38 34 of
1596 1582 60 36 the
1675 1573 160 54 Faculty.
1860 1583 88 34 Such
1964 1583 55 35 ad­

337 1640 144 34 mission
499 1640 69 34 will
585 1640 43 34 be
644 1641 150 42 granted
812 1639 84 43 only
911 1639 36 35 in
964 1640 153 35 unusual
1132 1640 284 35 circumstances.
1442 1633 205 50 Applicants
1664 1640 150 42 desiring
1830 1644 30 31 to
1876 1643 84 31 enter
1966 1640 53 45 I«

336 1697 53 33 the
402 1697 113 41 degree
528 1697 120 34 should
663 1707 120 23 assure
797 1696 187 34 themselves
997 1696 71 35 well
1083 1696 39 34 in
1137 1696 144 34 advance
1296 1697 69 34 that
1379 1697 75 42 they
1467 1696 70 35 will
1553 1697 36 34 be
1603 1697 161 43 accepted.

398 1752 77 35 The
492 1753 123 43 degree
631 1753 37 34 of
685 1751 172 36 Bachelor
871 1753 36 34 of
925 1752 101 34 Laws
1045 1750 146 44 (LL.B.)
1209 1752 29 34 is
1255 1752 181 35 conferred
1453 1763 95 33 upon
1564 1753 207 34 candidates
1788 1752 148 35 therefor
1950 1751 69 36 who

335 1808 93 35 have
445 1808 256 43 satisfactorily
718 1808 199 44 completed
936 1808 60 34 the
1014 1808 230 44 professional
1263 1819 132 24 course.
1420 1809 84 34 Law
1523 1809 96 34 work
1637 1810 91 33 done
1746 1808 177 35 elsewhere
1941 1808 44 44 by
2000 1819 17 25 a

336 1866 158 40 student,
516 1865 100 34 while
635 1864 241 35 inadmissible
894 1865 80 33 here
993 1865 55 33 for
1066 1866 72 32 this
1156 1865 134 41 degree,
1311 1865 69 34 will
1401 1866 41 32 be
1461 1865 157 34 credited
1637 1865 135 34 toward
1790 1865 29 34 it
1836 1864 80 44 only
1932 1875 86 34 upon

335 1920 259 34 examinations
611 1919 108 35 taken
736 1920 92 34 after
844 1920 43 34 he
904 1919 161 35 becomes
1081 1918 212 36 admissible.

398 1976 77 34 The
492 1976 255 42 requirements
761 1987 40 23 as
817 1980 37 30 to
870 1975 140 44 quality
1025 1976 37 33 of
1078 1976 105 42 work,
1200 1976 127 42 grades
1340 1975 174 43 attained,
1530 1976 72 34 and
1617 1975 112 35 honor
1743 1976 139 43 degrees
1895 1987 56 24 are
1964 1975 54 37 the

335 2042 98 24 same
447 2043 39 23 as
501 2032 86 33 with
603 2031 123 43 regard
743 2038 36 27 to
795 2032 208 34 candidates
1017 2032 55 34 for
1087 2032 61 34 the
1162 2031 81 43 J.D.
1261 2031 124 43 degree
1402 2030 71 42 (see
1488 2031 142 42 above).

399 2087 211 44 Applicants
622 2087 55 35 for
691 2087 191 35 admission
897 2092 37 30 to
948 2087 198 43 candidacy
1158 2087 55 34 for
1228 2086 61 35 the
1301 2087 82 44 J.D.
1399 2099 40 22 or
1451 2087 114 34 LL.B.
1581 2087 141 43 degrees
1735 2087 67 35 will
1816 2086 42 37 be
1871 2087 144 44 required

337 2148 38 30 to
391 2143 83 35 take
489 2155 47 23 an
550 2143 222 44 intelligence
789 2148 71 30 test
874 2144 71 34 and
960 2155 22 23 a
998 2143 87 44 legal
1101 2143 165 44 aptitude
1283 2147 71 31 test
1368 2148 39 30 at
1423 2144 61 34 the
1500 2143 190 44 beginning
1703 2144 37 34 of
1756 2144 60 34 the
1830 2143 143 43 Quarter
1985 2143 30 35 io

337 2200 114 34 which
468 2199 86 44 they
569 2204 100 30 enter
685 2199 61 35 the
761 2199 84 36 Law
861 2199 137 36 School.

604 2299 296 36 CANDIDACY
924 2299 95 34 FOR
1044 2299 100 34 THE
1169 2298 204 35 DEGREE
1397 2299 61 35 OF
1482 2298 201 37 DOCTOR
1706 2299 63 35 OF

890 2355 409 44 JURISPRUDENCE
1325 2353 153 46 (J.S.D.)

401 2433 208 44 Candidacy
622 2435 55 34 for
689 2433 60 35 the
763 2434 124 43 degree
896 2434 37 34 of
947 2434 136 34 Doctor
1093 2434 36 34 of
1141 2433 274 44 Jurisprudence
1429 2432 150 45 a.S.D.)
1593 2434 29 34 is
1631 2445 90 32 open
1733 2438 37 29 to
1781 2432 157 37 students
1947 2432 67 36 who

337 2500 60 24 are
408 2489 60 35 the
478 2489 140 35 holders
628 2490 35 35 of
675 2501 21 23 a
707 2489 200 35 Bachelor's
919 2490 124 42 degree
1053 2490 71 34 and
1134 2490 36 34 of
1182 2501 21 23 a
1214 2490 125 42 degree
1349 2489 92 35 from
1452 2501 97 23 some
1561 2489 66 34 law
1639 2488 118 36 school
1767 2488 36 35 of
1815 2489 80 43 high
1905 2489 108 35 stand­

337 2545 71 44 ing,
426 2545 70 34 and
515 2546 77 33 who
610 2546 96 33 show
724 2556 20 24 a
762 2545 145 35 marked
925 2545 125 43 ability
1063 2546 55 33 for
1134 2544 90 44 legal
1241 2545 228 44 scholarship.
1496 2545 56 34 All
1566 2545 208 35 admissions
1786 2550 37 28 to
1835 2545 178 42 candidacy

337 2600 55 34 for
405 2601 71 34 this
488 2601 124 43 degree
624 2612 59 24 are
696 2601 48 44 by
755 2600 129 45 special
898 2606 84 29 vote
992 2601 36 34 of
1043 2601 60 35 the
1117 2600 161 45 Faculty.
1304 2601 248 44 Applications
1563 2601 126 34 should
1701 2600 44 36 be
1755 2600 101 35 made
1867 2606 59 30 not
1935 2600 78 36 mtd

337 2656 88 35 than
442 2656 99 45 April
560 2658 31 33 1.

396 2713 77 35 The
484 2713 120 43 J.S.D.
619 2713 124 43 degree
755 2713 68 35 will
836 2713 44 35 be
891 2712 182 36 conferred
1085 2724 96 33 upon
1194 2714 61 35 the
1267 2712 224 36 satisfaction
1503 2713 37 35 of
1554 2713 61 35 the
1626 2712 177 45 following
1814 2713 201 35 conditions:

401 2808 9 13 I
420 2802 96 28 Those
528 2802 64 28 who
605 2802 74 28 have
692 2806 52 24 not
756 2802 129 29 received
900 2802 50 29 the
962 2802 108 33 college
1082 2801 101 34 degree
1195 2802 98 28 before
1306 2802 129 34 entering
1450 2801 49 29 the
1510 2801 69 29 Law
1592 2801 103 30 School
1706 2811 67 25 may
1785 2802 107 34 qualify
1904 2803 41 28 for
1956 2802 20 29 it
1987 2803 25 28 •

338 2835 50 28 the
401 2845 119 19 manner
533 2836 150 35 explained
698 2836 92 28 above
803 2837 90 28 under
907 2837 189 32 "Candidacy
1109 2838 45 27 for
1168 2836 49 29 the
1230 2837 111 33 Degree
1354 2837 30 27 of
1398 2835 139 29 Bachelor
1549 2836 31 28 of
1592 2836 97 29 Arts."

413 2891 63 29 'See
490 2892 107 28 section
613 2900 38 19 on
668 2892 174 28 "Advanced
859 2892 141 33 Standing
1014 2892 29 28 in
1058 2891 193 29 Professional
1264 2891 109 29 Work"
1387 2892 44 28 for
1446 2891 175 35 application
1636 2892 31 28 of
1681 2891 58 29 this
1752 2890 59 30 rule
1825 2896 29 24 to
1869 2890 76 31 those
1958 2892 54 27 .br-

338 2930 82 24 enter
433 2925 70 29 with
515 2926 90 28 credit
618 2926 74 28 from
706 2925 122 29 another
841 2925 54 28 law
909 2925 204 29 school.·
1410 2929 341 24 ....

405 2987 10 15 1
426 2980 92 29 When
531 2990 17 19 a
560 2981 119 28 student
691 2981 132 33 registers
834 2980 45 29 for
889 2981 84 28 fewer
987 2980 72 29 than
1072 2982 16 25 3
1100 2989 113 20 courses
1224 2981 29 27 in
1265 2980 46 28 his
1322 2977 57 32 last
1389 2980 135 29 calendar
1535 2986 126 28 quarter,
1674 2980 119 28 because
1804 2980 29 27 of
1844 2980 112 32 needinc
1965 2979 47 29 ic9

345 3014 71 29 than
429 3024 54 19 one
496 3020 115 27 quarter
624 3015 29 27 of
666 3015 143 28 residence
822 3020 31 23 to
864 3015 143 33 complete
1019 3015 50 28 the
1080 3014 130 34 required
1222 3016 17 26 9
1252 3020 141 28 quarters,
1405 3014 59 29 this
1475 3017 191 32 requirement
1678 3015 24 27 is
1713 3013 119 30 reduced
1843 3022 51 25 pro
1903 3021 68 21 fala.
