2129 3386
645 253 121 36 THE
804 245 128 44 LAw
970 254 236 35 SCHOOL

1731 251 41 36 19

79 373 48 29 ter
138 366 36 36 in
186 366 177 36 residence
375 371 39 30 at
428 366 60 35 the
501 366 216 44 University.
741 364 128 44 While,
882 365 37 35 of
930 377 133 32 course,
1078 365 61 36 the
1151 365 206 45 University
1367 377 66 24 can
1447 365 104 36 make
1563 377 46 23 no
1621 377 150 33 guaran足

80 429 49 29 tee
141 434 39 23 as
195 428 36 30 to
246 422 254 43 employment,
515 423 29 34 it
557 423 122 35 makes
692 421 50 35 all
755 422 152 44 possible
921 423 121 34 efforts
1057 427 37 30 to
1107 422 72 35 find
1192 422 260 44 opportunities
1466 423 54 34 for
1533 423 95 34 work
1642 423 54 34 for
1711 421 61 37 the

78 479 150 36 student.
254 478 55 34 All
323 478 168 43 inquiries
505 479 184 43 regarding
702 477 163 45 self-help
879 479 54 34 for
947 478 163 35 students
1124 479 127 34 should
1266 478 43 35 be
1322 478 187 35 addressed
1527 483 36 30 to
1579 478 59 35 the
1653 478 118 35 Board

78 535 34 35 of
128 533 206 37 Vocational
352 535 184 34 Guidance
553 535 71 35 and
642 535 215 42 Placement,
875 534 206 42 University
1097 534 37 35 of
1153 534 154 44 Chicago
1312 542 47 26 ..

132 591 179 35 Members
324 590 38 35 of
377 590 60 36 the
453 590 149 43 Faculty
616 592 91 34 have
721 591 161 35 occasion
896 591 91 34 from
1003 591 85 34 time
1103 596 37 29 to
1156 591 85 34 time
1258 597 36 28 to
1309 591 141 43 employ
1464 591 164 36 students
1641 591 37 35 of
1691 596 80 30 out足

77 648 160 43 standing
252 647 128 43 ability
397 652 37 30 to
451 647 105 35 assist
573 647 97 35 them
686 648 36 34 in
739 648 106 43 doing
862 646 158 36 research
1037 647 106 34 work.

479 749 350 36 EMPLOYMENT
854 749 159 34 AFTER
1038 748 327 36 GRADUATION

132 827 113 36 While
258 828 38 35 of
309 839 123 24 course
448 827 61 35 the
522 828 85 34 Law
622 827 125 36 School
761 833 133 30 cannot
906 827 124 45 pledge
1045 827 94 36 itself
1153 827 37 35 in
1204 839 73 31 any
1291 839 79 31 way
1386 833 36 29 to
1436 828 148 43 provide
1597 827 173 45 positions

76 886 50 35 for
135 884 211 44 graduating
358 885 176 42 students,
547 895 45 23 no
605 896 82 22 man
700 885 36 34 of
747 884 90 44 good
850 884 182 36 character
1044 884 77 35 who
1133 884 191 44 graduates
1334 885 92 34 from
1439 884 70 35 this
1520 884 119 35 school
1651 884 85 35 with
1748 895 21 24 a

76 942 78 43 high
169 941 120 35 record
304 941 88 34 need
407 941 91 34 have
512 953 71 30 any
597 941 114 35 doubt
724 942 112 34 about
850 942 160 42 securing
1024 952 21 23 a
1059 940 164 44 position.
1250 940 76 35 The
1342 941 133 35 Dean's
1489 941 118 41 Office,
1624 941 60 35 the
1698 942 71 33 Bu足

78 1009 76 24 reau
170 997 37 34 of
223 996 210 36 Vocational
453 997 181 35 Guidance
650 997 71 35 and
740 997 214 41 Placement,
971 997 72 34 and
1059 1008 22 23 a
1098 1008 86 31 very
1200 997 118 35 active
1333 997 204 34 committee
1554 997 37 34 of
1609 996 59 35 the
1684 998 85 33 Law

76 1052 119 37 School
212 1052 142 36 Alumni
373 1053 220 35 Association
609 1058 203 39 co-operate
826 1053 37 35 in
880 1052 139 45 placing
1034 1053 191 42 graduates
1240 1053 37 35 of
1295 1052 59 35 the
1371 1052 137 36 School.

659 1166 117 35 FEES
802 1166 103 34 AND
932 1166 250 35 EXPENSES

135 1246 29 34 1.
187 1244 419 44 Matriculationfee.-A
620 1244 265 36 matriculation
899 1244 55 36 fee
969 1244 36 36 of
1025 1245 126 38 $20.00
1165 1244 28 35 is
1208 1244 84 46 paid
1308 1245 49 43 by
1371 1256 107 32 every
1494 1245 146 34 student
1654 1249 115 30 enter足

76 1301 54 45 ing
146 1301 61 35 the
224 1300 207 45 University
446 1301 55 35 for
519 1301 60 35 the
593 1301 76 35 first
687 1301 97 35 time.

131 1360 31 34 2.
192 1358 141 35 Tuition
342 1357 115 44 fce.-
459 1358 76 35 The
554 1357 129 36 tuition
700 1358 56 34 fee
771 1358 36 34 in
825 1357 61 36 the
903 1359 83 33 Law
1004 1358 126 35 School
1148 1358 28 35 is
1198 1359 148 37 $100.00
1362 1370 21 23 a
1399 1364 145 39 quarter
1560 1358 54 35 for
1633 1358 134 43 regular

73 1413 301 47 pre-professional
395 1415 96 34 work
514 1413 114 43 (three
648 1413 168 43 courses),
837 1414 71 35 and
934 1414 149 39 $125.00
1101 1426 21 23 a
1142 1420 146 38 quarter
1306 1415 55 34 for
1381 1414 136 45 regular
1537 1414 230 45 professional

74 1472 100 34 work.
200 1471 68 34 For
285 1470 61 35 the
362 1470 182 36 definition
562 1471 37 35 of
615 1483 21 23 a
653 1482 120 24 course
792 1483 55 23 see
860 1483 88 32 page
962 1472 32 34 9.
1021 1471 171 35 Students
1207 1471 77 35 who
1299 1471 82 35 take
1393 1477 83 39 part
1489 1471 95 35 work
1597 1482 72 33 pay
1685 1476 82 40 part

72 1528 77 42 fees,
165 1528 70 34 and
251 1527 134 34 receive
400 1527 177 35 residence
592 1527 111 35 credit
717 1539 64 33 pro
796 1532 90 30 rata.
911 1527 77 34 The
1004 1538 96 24 same
1114 1527 72 35 fees
1202 1539 58 23 are
1275 1527 151 44 charged
1441 1528 55 35 for
1511 1527 202 44 registering
1728 1539 39 24 as

72 1595 20 24 a
107 1584 132 35 visitor.
266 1583 218 36 Candidates
499 1584 55 35 for
572 1584 60 35 the
649 1584 119 43 J.S.D.
787 1584 123 43 degree
927 1595 72 33 pay
1020 1584 148 38 $100.00
1184 1595 21 23 a
1221 1589 155 40 quarter.

128 1640 77 37 The
224 1640 129 35 tuition
370 1641 56 34 fee
443 1641 55 34 for
515 1641 138 43 regular
671 1641 94 34 work
784 1640 36 34 in
839 1640 61 35 the
920 1640 140 44 College
1077 1652 40 23 or
1133 1652 22 23 a
1172 1640 164 36 Division
1355 1641 29 34 is
1405 1641 150 38 $100.00
1572 1652 21 22 a
1610 1646 155 38 quarter.

74 1696 149 44 Charges
239 1707 89 33 vary
343 1696 306 45 proportionately
665 1697 54 34 for
736 1708 21 22 a
774 1696 139 35 smaller
930 1702 149 29 amount
1095 1696 36 35 of
1149 1697 107 34 work.

129 1754 32 34 3.
187 1753 212 35 Graduation
405 1754 193 43 fee.r-To損
610 1752 213 45 graduation
835 1753 54 35 fee
902 1753 54 35 for
968 1753 62 35 the
1043 1753 133 43 J.S.D.,
1189 1753 96 43 J.D.,
1299 1753 128 42 LL.B.,
1440 1754 72 34 and
1525 1754 86 34 A.B.
1625 1754 142 42 degrees

74 1808 26 36 is
118 1809 124 39 $20.00
257 1809 98 36 each.

129 1867 32 34 4.
189 1867 167 42 Pcyment
368 1866 38 43 of
413 1866 193 35 bills.-All
616 1865 129 36 tuition
756 1866 72 35 fees
840 1877 59 24 are
911 1867 69 34 due
991 1878 45 23 on
1048 1877 39 23 or
1096 1866 120 35 before
1228 1866 60 35 the
1298 1866 76 35 first
1386 1866 116 44 dayof
1512 1865 87 36 each
1610 1871 156 39 quarter,

72 1923 66 34 and
155 1933 59 23 are
231 1922 153 45 payable
402 1928 39 30 at
460 1923 60 34 the
539 1923 161 35 Bursar's
717 1922 121 43 Office,
859 1923 114 34 Room
995 1922 76 42 100,
1090 1923 101 34 Press
1210 1922 177 43 Building.
1413 1923 33 33 If
1464 1927 65 29 not
1545 1922 85 44 paid
1648 1923 119 34 before

72 1979 84 35 3:00
171 1988 74 25 P.M.
262 1979 37 35 of
316 1979 61 35 the
391 1979 82 34 fifth
489 1979 70 44 day
576 1978 37 36 of
631 1979 60 35 the
707 1984 145 40 quarter
869 1991 20 23 a
906 1979 54 35 fee
976 1978 37 35 of
1034 1978 103 38 $5.00
1153 1978 29 35 is
1197 1979 127 35 added.

130 2034 30 36 5.
186 2036 124 35 Rooms
324 2035 70 35 and
406 2036 160 34 board.-
566 2036 78 34 The
658 2036 141 43 College
817 2035 194 35 Residence
1028 2034 102 36 Halls
1146 2035 55 34 for
1219 2036 99 42 Men,
1337 2040 39 29 at
1393 2034 152 36 Sixtieth
1562 2035 117 35 Street
1695 2035 71 35 and

73 2091 80 35 Ellis
167 2092 156 42 Avenue,
340 2103 89 23 were
444 2092 137 43 opened
596 2092 55 34 for
666 2103 206 33 occupancy
886 2092 37 34 in
941 2092 97 34 1931.
1064 2091 98 34 Each
1178 2090 72 35 hall
1264 2092 285 34 accommodates
1562 2091 92 35 from
1669 2092 97 42 forty

74 2153 33 29 to
129 2147 93 44 sixty
244 2149 176 34 students.
445 2148 77 34 The
546 2147 111 44 single
681 2159 115 23 rooms
820 2159 59 23 are
901 2147 104 35 fitted
1028 2158 39 24 as
1091 2147 241 35 combination
1357 2148 109 42 study
1489 2148 71 33 and
1584 2147 179 34 bedroom.

73 2204 108 35 Suites
192 2204 38 35 of
243 2209 69 30 two
326 2215 117 24 rooms
455 2203 193 45 consisting
659 2203 37 36 of
709 2204 109 44 study
830 2204 72 35 and
914 2204 169 35 bedroom
1095 2204 267 35 accommodate
1374 2215 67 23 one
1453 2215 39 23 or
1505 2208 70 30 two
1588 2204 175 34 students.

73 2260 50 35 All
133 2261 37 35 of
183 2260 60 35 the
256 2272 116 23 rooms
386 2272 59 24 are
458 2261 213 44 completely
679 2260 185 36 furnished
879 2260 85 35 with
978 2260 60 35 the
1054 2259 184 45 exception
1255 2260 36 35 of
1309 2259 131 37 towels.
1466 2260 189 43 Quarterly
1672 2265 94 30 rates

72 2327 95 24 cover
181 2317 109 34 meals
303 2317 35 34 in
355 2316 61 35 the
430 2317 121 43 dining
565 2317 100 41 halls,
682 2318 60 33 the
756 2329 61 23 use
831 2317 36 35 of
882 2318 108 42 study
1002 2328 41 23 or
1056 2317 103 43 suite,
1174 2318 71 33 and
1259 2317 87 35 such
1359 2317 229 34 recreational
1603 2316 162 36 facilities

72 2383 35 24 as
127 2372 140 44 library,
291 2373 194 43 clubroom,
509 2373 71 34 and
603 2373 148 44 playing
771 2372 110 36 fields.
907 2373 117 35 Prices
1046 2373 37 34 of
1105 2372 241 36 combination
1370 2373 169 34 bedroom
1561 2374 70 33 and
1656 2373 109 43 study

73 2440 97 32 range
185 2429 93 35 from
299 2430 90 37 $140
407 2434 37 30 to
466 2429 89 39 $150
570 2429 56 35 for
643 2429 61 35 the
721 2435 156 38 quarter.
904 2430 116 35 Suites
1037 2440 106 33 range
1159 2430 91 34 from
1273 2430 87 38 $142
1380 2434 37 30 to
1438 2429 90 39 $214
1544 2441 21 23 a
1581 2434 145 40 quarter
1742 2441 22 22 a

72 2496 76 23 man
161 2485 26 35 if
201 2485 60 35 the
275 2484 91 36 suite
379 2485 30 35 is
421 2485 170 44 occupied
608 2486 49 43 by
671 2491 80 38 two,
766 2496 38 24 or
817 2487 92 33 from
928 2486 89 38 $207
1033 2491 37 29 to
1088 2486 86 38 $351
1191 2485 26 35 if
1231 2485 61 35 the
1306 2486 91 35 suite
1411 2485 29 35 is
1452 2485 169 44 occupied
1635 2486 48 42 by
1696 2497 67 24 one

73 2551 74 25 man
161 2541 94 44 only.
281 2542 30 34 A
325 2541 213 45 descriptive
552 2541 185 45 pamphlet
751 2542 158 44 showing
923 2543 86 34 floor
1023 2541 113 46 plans,
1152 2542 138 42 details,
1305 2542 71 35 and
1390 2543 91 34 form
1496 2542 36 35 of
1546 2542 217 45 application

72 2597 61 35 will
149 2598 43 35 be
206 2602 81 31 sent
303 2599 49 43 by
369 2598 61 35 the
448 2599 130 34 Bursar
596 2610 96 32 upon
710 2603 151 39 request.

125 2653 113 36 There
254 2665 60 24 are
331 2660 60 29 ten
408 2654 103 35 other
528 2654 177 35 residence
722 2654 89 34 halls
831 2654 120 41 (seven
968 2654 55 35 for
1041 2653 164 44 women),
1225 2655 60 35 the
1302 2660 76 30 cost
1394 2655 37 35 of
1446 2655 183 35 furnished
1646 2666 116 24 rooms

70 2708 31 37 in
117 2710 110 36 which
243 2710 114 36 varies
372 2711 93 34 from
487 2711 67 38 $40
571 2717 37 29 to
631 2710 67 40 $70
712 2711 55 34 for
784 2711 61 34 the
862 2716 156 39 quarter.

124 2768 76 35 The
217 2768 162 35 Bursar's
395 2768 110 35 Office
522 2768 74 34 also
613 2767 192 35 maintains
821 2779 21 22 a
859 2767 120 44 listing
996 2767 71 35 and
1084 2767 198 45 inspection
1300 2768 131 36 service
1448 2768 37 35 of
1502 2780 115 24 rooms
1635 2769 49 34 off
1701 2768 60 35 the

69 2822 243 47 Quadrangles.
339 2825 36 34 It
390 2824 30 36 is
435 2830 205 38 customary
654 2824 55 34 for
724 2825 165 34 students
906 2824 77 35 who
999 2835 132 33 engage
1147 2836 116 24 rooms
1278 2824 36 35 in
1330 2824 140 45 private
1485 2825 122 35 homes
1624 2830 38 30 to
1677 2826 84 34 take

70 2880 83 37 their
168 2882 109 36 meals
293 2887 39 31 at
348 2881 63 37 the
427 2880 207 45 University
652 2881 203 35 Commons.
